2662 5092
375 744 914 813 METAMORPHOSEON.
1127 752 1172 839 39
1242 825 1244 830 2

93 886 231 960 rediens
247 886 289 959 ad
304 885 481 961 Acheloum
498 886 678 960 devertitur
692 903 725 958 et
740 884 918 958 Echtieades
939 884 1066 958 insulas
1086 914 1170 958 ron-

97 1002 215 1103 spicit‚
232 1001 268 1073 iu
281 1029 364 1100 quae
379 1000 521 1075 Naiadcs
534 1018 629 1075 erant
642 1029 815 1074 conversa.
836 1000 940 1098 Quod
956 1002 1002 1073 ita
1020 998 1089 1073 fieri
1105 1030 1172 1100 po-

100 1119 224 1205 tuisse,
242 1134 386 1210 negante
404 1117 576 1204 Pirithoo,
596 1116 695 1191 Lelex
713 1117 858 1217 primurn
878 1116 1031 1189 Boucidis
1045 1133 1078 1189 et
1093 1115 1174 1188 Pti-

103 1234 227 1308 lemene
242 1232 367 1333 probat
380 1232 549 1333 exemplo,
565 1235 624 1332 qui
641 1235 676 1306 in
689 1234 812 1306 arbores
824 1232 949 1306 suerint
962 1232 1172 1320 commutati,

107 1351 192 1423 sieut
206 1347 317 1422 domus
331 1376 447 1422 eorum
468 1350 502 1422 in
519 1350 680 1449 templum,
701 1378 738 1423 ac
750 1377 853 1450 pegus
868 1349 939 1448 ipse
962 1347 998 1419 in
1017 1363 1169 1446 sequor.

107 1465 274 1541 Achelous
291 1464 409 1538 deinde
422 1464 531 1538 Protei
544 1483 577 1539 et
594 1465 743 1552 Mesate,
769 1465 1027 1552 Erisiohthona‚
1044 1481 1172 1565 patrem

107 1579 185 1656 ieme
201 1583 388 1668 furentem,
407 1579 526 1655 aientis
545 1596 685 1656 naturam
701 1581 909 1681 transformor
924 1581 1026 1655 addit.

149 1754 230 1825 L1e.'
254 1753 314 1824 lx.
346 1753 521 1824 Tomeros
540 1749 664 1825 sormas
679 1751 800 1841 refert,
820 1782 901 1856 quas
920 1752 1088 1853 quondam
1102 1780 1175 1825 nru-

105 1880 244 1952 tereret,
264 1896 367 1968 quum
383 1866 493 1968 ipsum
506 1884 670 1968 premeret
684 1867 863 1956 Hercules,
882 1867 921 1943 de
934 1867 1090 1969 Deserta
1104 1894 1172 1939 cer·

104 1999 189 2059 tans.
215 1986 311 2058 Bane
327 1985 446 2059 victori
464 1985 500 2057 in
516 1983 656 2085 patriam
670 1984 830 2058 redeunti·
844 1987 965 2060 Nessus
980 2011 1093 2084 rapere
1109 2010 1171 2056 ro-

101 2096 184 2187 lnit3
202 2094 262 2173 sed
281 2100 432 2176 Herculis
450 2101 571 2197 sagitta
589 2117 745 2176 venenata
763 2099 937 2175 confossus
963 2100 1099 2188 cecidit,
1118 2116 1166 2188 et,

97 2243 142 2292 ne
162 2215 292 2290 inuitus
304 2217 447 2318 periret,
462 2236 564 2319 raptae
580 2235 703 2292 vestem
721 2217 813 2291 dedit
830 2217 989 2313 sanguine
1007 2245 1069 2291 suo
1090 2218 1175 2292 tine·

99 2351 181 2408 um.
201 2336 252 2408 Ea
271 2332 431 2408 dubitans
447 2333 618 2436 aliquanto
632 2352 710 2436 post
726 2334 888 2407 demeriti
907 2362 1034 2422 amore,
1051 2351 1175 2408 vestem

99 2452 136 2523 ei
156 2450 251 2549 rnieit
275 2451 445 2552 eamdem,
465 2479 529 2551 qua
553 2452 692 2523 indutus
715 2478 816 2549 quum
840 2466 1124 2537 concremaretur,
1143 2467 1177 2524 et

102 2565 374 2641 Iichossamulus
386 2567 430 2640 ab
444 2596 484 2640 eo
497 2596 557 2667 per
567 2576 642 2639 aera
655 2566 776 2637 missus
786 2565 821 2635 in
831 2592 941 2637 saxum
956 2564 1171 2660 obriguisset,

95 2682 225 2785 periit,
238 2701 287 2771 et,
298 2683 627 2782 renovataejussecie,
645 2683 680 2755 in
692 2680 807 2754 celum
824 2700 874 2754 est
890 2681 1069 2755 traductus.
1086 2684 1173 2758 Tum

90 2801 262 2875 Alcmene
274 2817 381 2873 mater
393 2800 434 2872 ad
452 2799 544 2872 Iolen
560 2826 683 2872 nurum
698 2821 737 2871 'se
756 2796 917 2885 contulit,
937 2798 1033 2899 eique
1053 2799 1175 2873 Galeo-

88 2915 214 2990 tltt'dem
231 2915 457 3001 inmusulum,
478 2934 512 2989 et
526 2915 583 2989 iila
596 2914 740 2988 vicissim
756 2915 905 3021 Dryopen
919 2943 1068 2989 sororem
1080 2943 1173 2989 suern

87 3031 129 3106 in
167 3033 255 3106 loton
287 3058 478 3105 conversam
507 3032 663 3105 narravit.
697 3031 835 3105 Interim
867 3031 1059 3130 supervenit
1091 3030 1173 3131 ipsit

89 3149 214 3224 Iolaus
225 3204 245 3234 ,a
256 3166 406 3249 reparata
424 3175 484 3248 per
498 3147 616 3221 Heben
625 3148 785 3249 juventute
803 3176 810 3218 ε
830 3147 863 3218 id
880 3146 969 3246 quod
986 3174 1055 3218 non
1074 3174 1172 3247 posse

93 3266 263 3340 omnihus
279 3264 492 3360 contingere,
509 3264 644 3364 Jupiter
662 3261 773 3336 AEoci
781 3259 931 3362 exemplo
947 3261 1053 3336 docet.
1073 3265 1173 3338 Hunc

92 3381 236 3477 fugiens
252 3380 384 3454 Miletus
395 3381 430 3452 in
445 3380 558 3454 Asiam
573 3378 744 3464 discessit,
761 3395 795 3450 et
807 3376 971 3482 Bydla'dem
986 3381 1172 3478 procreavit

98 3513 204 3595 atque
236 3493 400 3580 Coruum
429 3495 524 3592 cujus
549 3493 604 3566 illa
632 3492 793 3567 desiderio
821 3491 982 3567 tabefacta
999 3493 1033 3565 in
1047 3494 1170 3593 sontem

98 3610 247 3686 trannit.
276 3612 363 3707 Quae
381 3609 513 3710 quidem
532 3638 585 3683 res
603 3609 708 3704 magis
725 3608 809 3680 mira
824 3608 952 3682 cunctis
968 3609 1038 3683 visa
1056 3627 1170 3700 esset,

92 3729 166 3804 nisi
181 3726 286 3830 paulo
302 3745 378 3801 ante
396 3727 509 3827 Iphis,
533 3729 608 3828 ipso
626 3726 818 3826 nuptiarum
834 3725 908 3815 die,
927 3728 1047 3800 vtn'lem
1063 3756 1171 3802 sexum

90 3845 291 3947 accepiseet.
380 3894 383 3899 -

146 4021 227 4092 Lllt.
247 4020 292 4091 X.
313 4017 377 4091 His
394 4017 522 4119 nuptiis
541 4016 598 4117 qui
617 4014 810 4089 interfuerat
827 4017 1026 4118 Hymenaeue
1042 4019 1083 4092 ad
1103 4019 1170 4095 Or-

85 4131 212 4228 pheum
227 4132 305 4208 inde
324 4162 358 4209 se
380 4132 539 4221 contulit,
558 4132 616 4207 sed
635 4132 722 4207 malo
742 4125 875 4223 omine,
899 4134 1170 4237 qnandoquidem

95 4276 181 4322 mox
200 4248 285 4322 obiit
298 4247 475 4356 Eurydice,
492 4278 598 4350 neque
614 4247 655 4322 ad
667 4279 806 4352 superos
820 4252 933 4326 reduci
951 4254 1073 4354 potuit.
1090 4254 1172 4324 Moe-

103 4393 179 4439 rore
207 4367 313 4462 igitur
337 4364 510 4467 perculsus
528 4366 687 4467 Orpheus
704 4387 837 4443 montes
860 4366 1029 4442 solitarios
1052 4367 1170 4469 petiit,

114 4511 196 4580 quo,
212 4512 297 4559 sono
312 4482 389 4585 lyrae
398 4484 469 4583 ejus
480 4481 645 4583 impulsae‚
664 4502 876 4559 accurrerunt
886 4486 1030 4576 arbores,
1043 4501 1076 4560 et
1089 4484 1176 4560 inter
