2662 5092
344 21 1240 355 .-

31 823 33 827 ,
129 765 152 830 6
521 764 791 831 PRAEFATIO

132 929 255 1003 quum,
275 899 369 1001 quod
385 901 416 976 ei
433 900 554 1002 pudori
571 918 658 989 erat,
677 918 727 975 ter
742 901 849 975 vietus
870 920 956 977 esset
980 903 1022 976 ab
1048 901 1192 976 Hercule

131 1032 282 1106 nondum
305 1034 390 1107 Deo.
415 1034 543 1108 Cornix¹
561 1033 644 1108 adeo
660 1061 760 1107 corvo
782 1062 848 1108 una
867 1031 1008 1122 volanti,
1026 1061 1099 1135 qnae
1118 1061 1193 1107 aves

132 1162 282 1265 quadam
298 1192 402 1265 passae
418 1183 526 1253 erant,
544 1183 662 1239 notum
673 1165 762 1240 facit.
780 1167 844 1239 Est
856 1165 969 1254 etiam,
985 1163 1194 1239 ubi'l’hcmis

129 1296 330 1371 mutationes
347 1296 476 1371 suturas
492 1296 699 1372 vaticinatur.
719 1297 913 1371 Nonnullos
929 1297 1062 1397 mythos
1079 1296 1194 1397 paneis

129 1445 231 1527 poeta
255 1429 466 1517 transmittit,
483 1446 523 1503 nt
536 1429 659 1504 Bacchi
674 1431 819 1506 nutrices
834 1429 982 1518 vetulas,
1000 1430 1125 1530 quibus
1138 1431 1195 1529 ju-

130 1577 247 1633 ventus
258 1589 278 1633 a
288 1559 407 1634 Medea
418 1560 577 1650 redditur,
584 1580 634 1651 et,
647 1563 738 1664 qnod
747 1562 891 1651 mireris,
904 1560 1197 1636 celebratissimum

132 1689 214 1765 adeo
240 1691 558 1786 Gigantomachiam.
585 1694 774 1792 Quosdam,
793 1695 917 1795 quippe
934 1722 1052 1795 pamm
1067 1721 1197 1768 memo·

132 1825 275 1914 rabiles,
294 1827 397 1901 verbo
425 1843 552 1901 tantum
570 1827 686 1924 tangit.
715 1827 770 1901 Sic
794 1856 860 1901 nna
881 1855 922 1901 ex
946 1824 1195 1926 Minyeidibns,

132 1956 308 2045 dubitans,
321 1957 403 2059 qnid
414 1988 430 2034 e
440 1958 555 2034 multis
566 1959 780 2060 potissimum
790 1957 924 2044 reserat,
934 1955 1097 2044 etaltera,
1111 1985 1196 2057 pra-

132 2088 286 2162 teritione
304 2089 468 2164 rhetorica
488 2108 601 2178 utens,
620 2089 768 2191 plurium
788 2106 980 2184 argumenta
1002 2086 1195 2161 brevissime

132 2237 318 2309 recensent;
334 2248 394 2294 nec
406 2220 502 2295 aliter
511 2250 547 2294 se
558 2221 699 2310 habent,
714 2248 786 2321 qua
798 2219 950 2293 Arachne
964 2219 1063 2305 texit,
1074 2235 1108 2292 et
1123 2246 1196 2319 qnae

136 2349 287 2424 Minerva
303 2379 378 2424 cnm
391 2380 429 2425 ea
445 2368 572 2426 certans
589 2352 624 2425 in
637 2354 790 2427 extremis
802 2354 902 2427 vestis
916 2351 1070 2453 partibus
1086 2350 1195 2451 ponit.

136 2479 256 2554 Medea
271 2479 425 2555 sublimis
442 2480 573 2578 fugiens
588 2511 628 2557 ex
643 2492 716 2558 aifre
728 2483 868 2585 despicit
883 2481 954 2557 loca
968 2479 1074 2556 multa
1090 2498 1197 2556 trans·

133 2581 390 2686 formationibus
407 2630 504 2700 nota,
520 2641 592 2714 quae
603 2642 672 2688 non
685 2630 874 2701 narrantur,
889 2612 946 2687 sed
957 2630 1084 2686 tantum
1094 2613 1199 2687 attin-

137 2759 272 2836 guntur.
301 2744 427 2818 Verum
444 2745 480 2818 in
497 2743 595 2841 longe
612 2743 767 2848 plurimis
783 2743 910 2840 ingenii
926 2743 1037 2844 copias
1056 2744 1198 2817 Ovidius

135 2870 270 2961 effudit,
286 2890 319 2946 et
332 2892 492 2975 quantum
504 2876 604 2949 rebus
616 2875 750 2951 llumine
763 2874 921 2950 orationis
933 2873 1132 2949 exornandis
1143 2903 1199 2948 va·

134 3001 217 3080 leret
226 3005 390 3094 ostendit,
401 3035 440 3080 ea
451 3005 585 3106 quidem
595 3007 764 3095 varietate,
779 3023 915 3079 utnunc
924 3005 1093 3095 historici,
1108 3034 1198 3080 nunc

135 3134 305 3209 dramatici
319 3153 430 3237 partes
445 3154 574 3232 agerut3
593 3165 658 3237 qua
669 3137 743 3238 ipsa
757 3164 792 3210 re
805 3133 987 3237 plurimum
1003 3136 1116 3232 gratia
1128 3165 1200 3211 car-

135 3266 218 3339 mini
236 3264 441 3340 conciliatur.

185 3397 298 3470 Primo
312 3397 481 3493 ingenium
498 3397 615 3472 lectori
627 3399 663 3472 in
674 3398 1023 3474 transformationibus
1038 3398 1122 3499 ipsis
1142 3400 1198 3476 de·

136 3521 321 3597 scribendis
332 3523 512 3627 approbat;
527 3523 562 3596 in
572 3552 653 3626 quas
661 3525 749 3601 enim
755 3527 832 3599 novi
845 3527 995 3628 corporis
1005 3543 1116 3628 partes
1129 3527 1198 3602 sin·

136 3646 213 3743 gula
223 3647 336 3722 lormae
347 3650 470 3751 prioris
480 3651 629 3725 membra
642 3651 841 3737 transierint,
854 3651 1045 3726 suavissime
1057 3670 1197 3741 enarrat,

135 3790 233 3873 atque
250 3773 297 3849 ita
313 3773 495 3850 multorum
511 3776 743 3865 animantium,
757 3774 935 3851 multarum
948 3777 1027 3852 item
1039 3777 1200 3851 arborum

135 3896 342 4002 aliarumque
357 3924 467 3975 rerum
484 3920 634 3978 naturam
649 3901 786 4009 mirifice
798 3902 918 4004 pingit.
939 3901 1043 4011 Cycno
1054 3903 1091 3977 in
1108 3932 1199 3978 avem

136 4022 189 4095 sni
209 4024 354 4099 nominis
369 4027 576 4114 transeunti,
589 4030 644 4115 ll,
661 4025 752 4127 373,

221 4237 228 4251 .
241 4236 269 4254 ..
296 4198 361 4258 Vox
377 4211 421 4260 eet
434 4211 546 4259 tenuata
559 4197 639 4275 viro,
654 4219 786 4281 canaeque
797 4199 913 4282 capillos

216 4293 403 4358 Dissimulant
418 4297 539 4378 plumae,
554 4297 717 4379 collumque
730 4322 746 4359 a
763 4313 878 4382 pectore
893 4299 1012 4381 longum

215 4392 395 4476 Porrigitur,
411 4396 572 4479 digitosque
586 4396 654 4482 ligat
666 4400 797 4480 junctura
811 4398 961 4458 rubentes:

216 4493 313 4556 Perna
325 4493 397 4560 latus
410 4497 511 4569 vestit3
530 4508 608 4560 tenet
623 4519 657 4560 os
674 4498 734 4561 sine
751 4499 879 4562 acumine
889 4510 1023 4561 rostrum.
