2662 5092
285 758 807 849 METAMORPHOSEON
833 772 933 838 LIB.
961 775 1031 842 tv.
1126 774 1186 843 331

142 905 261 979 Omnia
277 907 354 980 trita
371 907 488 995 simul;
504 937 576 1009 quae
594 908 756 1004 sangnine
773 909 875 982 mixta
892 911 1014 986 recenti

138 1022 279 1097 Coxerat
295 1051 355 1096 aere
372 1052 470 1112 cavo,
488 1024 584 1098 viridi
602 1043 728 1100 versata
744 1025 873 1100 cicuta:

136 1139 292 1240 Dumque
309 1158 430 1240 pavent
445 1139 511 1230 illi,
531 1142 629 1216 vertit
645 1142 761 1218 furiale
779 1171 942 1218 venenum
1143 1167 1193 1221 505

135 1255 257 1330 Pectus
272 1256 308 1329 in
325 1258 517 1343 amborum
535 1258 783 1360 praecordiaque
799 1259 916 1332 intima
933 1258 1044 1332 movit.

134 1377 224 1450 Tum
241 1376 309 1452 face
324 1378 441 1477 jactata
458 1408 518 1480 per
531 1379 680 1454 eumdem
699 1381 819 1482 sapius
837 1381 972 1469 orbem,

135 1500 363 1601 Consequitur
379 1520 489 1572 motos
506 1501 661 1572 velociter
676 1501 813 1592 ignibus
829 1503 933 1594 ignes·

133 1622 191 1695 Sic
208 1622 343 1708 victrix,
361 1621 510 1722 jussique
526 1638 666 1722 potens,
685 1621 727 1695 ad
744 1621 855 1695 inania
871 1622 984 1717 magni

133 1746 252 1841 Regna
269 1745 355 1819 redit
370 1745 474 1833 Ditis,
494 1763 705 1846 sumtumque
720 1743 901 1841 recingitur
917 1772 1069 1839 anguem.
1150 1766 1199 1819 510

182 1868 342 1941 Protinus
360 1867 510 1941 AEolides
527 1868 634 1942 media
650 1866 851 1941 furibundus
869 1867 903 1940 in
921 1865 994 1941 aula

135 1991 265 2067 Clamat
279 1993 322 2065 :'«
342 1994 402 2064 Iol
419 1992 577 2081 comites,
594 1992 648 2066 his
665 1992 748 2066 retia
766 1990 891 2066 tendite
910 1990 1025 2064 silvis:

167 2197 453 2265 tetragrammata.
464 2196 543 2249 Multi
550 2216 581 2250 er
590 2216 642 2250 me·

133 2272 259 2338 lioribus,
272 2273 451 2342 etsicquidem
460 2275 542 2327 nostri
551 2275 641 2344 Regii,

134 2355 229 2411 tincta,
242 2369 290 2420 pro
301 2357 389 2411 mesta.
400 2378 434 2391 -
446 2353 549 2412 Cicuta,
568 2352 642 2404 cala-

134 2447 195 2481 mus
205 2428 278 2482 istius
286 2428 380 2498 plantae
389 2429 527 2499 tripedalis.
542 2431 582 2484 Eo
589 2431 643 2483 uti-

134 2517 181 2559 tur
198 2505 257 2560 loco
273 2507 440 2560 instrumenti
459 2507 491 2560 ad
509 2508 642 2561 miscenda

132 2601 246 2637 venena
265 2583 385 2637 Similem
403 2587 640 2654 preparationem,

133 2660 188 2713 vid.
197 2661 259 2726 vlt,
270 2662 316 2714 aba
324 2681 394 2731 sqq.,
404 2664 447 2716 ubi
459 2662 554 2715 Medea
562 2668 647 2716 amnti

132 2760 206 2795 mm
220 2745 290 2794 oliae
300 2744 337 2798 sic
346 2744 435 2796 utitur.
450 2743 537 2796 Etiam
553 2763 608 2813 sqq.
626 2764 641 2797 e

133 2821 210 2891 Virg.
227 2821 291 2891 374,
308 2840 442 2891 expressa,
455 2827 604 2891 penitusque
614 2827 642 2874 air

131 2903 341 2966 sistere-lapsum
352 2894 578 2965 Serpentissuriale
586 2919 643 2952 nra-

129 2978 199 3035 Im.
208 2983 487 3045 lotamquepcrerrate·
492 2976 642 3030 Verlr‘tGro·

131 3072 195 3108 nor.
207 3052 273 3108 Oba.
287 3055 329 3120 ll,
340 3075 364 3124 p.
379 3058 440 3122 204,
453 3066 537 3108 mutat
549 3056 576 3108 in
590 3076 642 3108 ver-

127 3138 184 3201 gr't.
210 3151 307 3203 nempe
327 3133 426 3198 Furia,
446 3132 516 3202 quod
538 3145 642 3187 coctum

131 3210 255 3265 babebat.
269 3210 398 3264 Eamdem
411 3212 585 3265 mutationem
597 3212 643 3265 ha-

130 3288 317 3356 testiculum
327 3290 371 3344 sed
381 3290 491 3344 Codices
499 3292 581 3344 nostri
588 3291 643 3344 Re-

133 3370 170 3439 git
179 3383 286 3425 servant
298 3377 378 3425 cedit.
399 3371 449 3424 Ed.
466 3399 499 3414 ·-·
518 3372 643 3426 Vocabul.

125 3446 228 3516 sm'ale
238 3451 387 3519 frequentat
399 3449 517 3503 Ovidius.

168 3525 227 3580 508.
241 3528 405 3596 Consequitur
413 3539 461 3581 ete.
480 3529 579 3581 Versus
594 3527 643 3580 dil·

133 3603 224 3670 sicilie,
237 3605 281 3673 qui
293 3605 367 3658 valde
379 3607 453 3659 torsit
465 3605 570 3674 ingenia
579 3606 642 3659 lntt.

132 3682 276 3736 Accursins
293 3682 450 3737 emendabat
462 3688 537 3734 motis
551 3687 644 3735 veloci-

131 3764 281 3827 !err'gnr'brs
291 3766 374 3828 apres,
390 3761 416 3813 id
427 3771 480 3826 est,
493 3771 576 3813 rotata
588 3761 643 3813 lace

86 3903 99 3919 ⁹
130 3913 260 3983 sequitur.
268 3915 303 3982 X,
314 3938 326 3985 7
337 3921 481 3984 :nullosque
491 3921 644 3968 tescellino-

129 3996 202 4046 ἤδη
212 3997 290 4060 r'gtrcs.
301 3996 412 4048 Lenzius
420 4005 502 4064 putat,
511 4013 566 4048 voc.
576 3998 644 4061 [μή

129 4070 231 4141 duplici
248 4092 326 4125 sensu
344 4075 457 4144 positum
477 4092 551 4138 esse,
568 4072 603 4125 ita
616 4081 645 4124 ut

128 4154 200 4202 moti
206 4153 277 4217 ignes
285 4151 337 4203 sint
349 4152 447 4205 interni
458 4152 531 4220 ignes
540 4166 645 4203 veneno

131 4226 239 4291 effecti,
260 4246 325 4296 quos
338 4229 417 4280 Furia
429 4231 543 4296 ignr'bus.
559 4227 645 4292 jacta-

690 2213 745 2248 non
754 2194 864 2264 poenitet
876 2192 995 2264 amplecti
1005 2189 1199 2262 interpretatio·

690 2293 754 2327 nem
761 2274 809 2325 viri
822 2272 891 2327 docti
901 2273 929 2325 in
940 2270 1101 2326 Bibliotheca
1110 2269 1199 2338 Fignr.

691 2371 721 2405 ex
733 2371 784 2421 qua
795 2350 864 2404 orbis
877 2351 920 2403 ille
937 2349 1095 2413 continuus,
1118 2366 1197 2415 quern

690 2432 763 2502 ignes
774 2431 895 2485 celeriter
915 2430 980 2482 moti
1001 2429 1028 2481 in
1045 2446 1104 2480 aere
1118 2426 1201 2480 lacie-

690 2509 771 2574 bant‚
785 2509 864 2562 oculis
876 2507 1020 2576 subjicitor.
1033 2506 1147 2573 Propter
1155 2522 1200 2556 ce·

690 2588 821 2641 leritatem
840 2597 928 2640 motus
939 2584 1055 2639 scintilla
1072 2602 1099 2636 se
1118 2581 1197 2636 ride·-

689 2667 787 2720 bantur
799 2667 926 2736 attingere
939 2673 966 2716 et
977 2662 1135 2716 continuum
1147 2680 1197 2714 or-

690 2745 752 2798 bem
764 2745 865 2808 lacere,
879 2740 1104 2812 quemadmodum
1116 2757 1200 2810 prima

691 2823 718 2875 in
730 2822 845 2876 tenebris
854 2821 975 2873 celeriter
987 2819 1143 2872 circumacta
1154 2816 1201 2871 cir·

690 2902 779 2955 culum
791 2901 903 2970 ignitum
915 2897 995 2951 oculis
1008 2895 1106 2966 objicit.
1118 2894 1201 2949 Simi-

689 2983 751 3036 liter
762 2979 830 3050 apud
844 2976 1022 3032 Claudianum
1035 3015 1043 3042 ,
1065 2974 1098 3028 lb
1111 2974 1142 3026 P.
1157 2990 1180 3026 11
1193 3012 1201 3039 ‚

691 3064 740 3120 aS.
755 3059 828 3112 basta
841 3075 919 3128 quam
933 3055 1056 3108 Minerva
1068 3054 1096 3106 in
1109 3070 1202 3125 gyrum

690 3147 790 3204 movet,
798 3136 1046 3191 instercilraehabet.
1060 3129 1201 3200 quiabasta

691 3216 768 3269 celeri
781 3225 855 3267 motu
867 3213 938 3284 quasi
946 3209 1142 3280 multiplicatur.
1155 3207 1200 3259 ln-

691 3293 795 3362 geniose
808 3292 916 3362 quidem
933 3290 1009 3343 illum
1021 3287 1115 3339 orbem
1127 3293 1202 3337 nota-

690 3373 742 3439 vit,
755 3371 800 3426 sed
816 3372 903 3426 alieno
915 3371 981 3423 loco.

724 3455 781 3524 509
794 3457 872 3504 Jtmt'
879 3455 988 3517 potens,
1010 3455 1149 3515 postquam
1162 3445 1204 3497 es-

690 3529 805 3593 fecerat,
824 3526 894 3595 quod
906 3526 954 3595 ipsi
966 3525 1067 3592 jussum
1079 3533 1143 3578 erat.
1159 3522 1203 3576 Sic

691 3610 857 3673 wtipoteus',
873 3602 907 3655 de
919 3621 972 3669 quo
985 3599 1017 3653 ad
1029 3620 1094 3655 vers
1103 3601 1160 3654 ³25.
1170 3627 1203 3640 -

691 3688 800 3744 laureta,
815 3683 843 3734 in
862 3681 956 3749 quibus
975 3699 1030 3734 non
1047 3681 1097 3734 nisi
1112 3681 1205 3733 inanes

692 3761 793 3815 umbrie
804 3768 950 3813 versantur.
962 3757 1055 3828 Virgil.
1067 3758 1130 3810 AEn.
1143 3757 1201 3821 Vl,

694 3841 742 3914 259
754 3858 765 3893 ⁴:
780 3842 876 3908 Perque
894 3840 981 3892 domos
997 3839 1070 3890 Ditis
1089 3854 1204 3898 vacum,

692 3916 1118 3984 etcbane'arepna.—Jlecitr51'tur,·
1131 3911 1202 3965 domi

694 3995 819 4048 mulieres
830 3994 955 4048 sedebant
969 3992 1107 4047 discinctae.

726 4079 782 4128 511.
799 4076 919 4127 Pmtiiaus
938 4075 1051 4126 AEoli‘des
1072 4070 1200 4124 cretam

693 4152 725 4206 ad
737 4153 787 4205 lab.
800 4152 882 4222 ipsam
893 4151 970 4205 redit.
983 4150 1081 4223 Hygia.
1093 4150 1144 4203 sab.
1155 4167 1201 4215 rr,

693 4250 724 4284 ex
744 4228 869 4299 Euripide
889 4238 995 4294 narrat,
1017 4228 1045 4280 in
1060 4229 1200 4281 venatione

132 4306 209 4360 tione
225 4307 303 4373 latis,
322 4309 404 4376 magis
429 4305 584 4360 excitaverit.
602 4304 647 4358 Si·
694 4309 779 4363 lilium
793 4310 824 4363 ab
837 4309 998 4362 Athamante
1013 4327 1067 4362 esse
1080 4308 1204 4360 intersec-

132 4382 236 4436 mrliter
249 4382 342 4449 Rode,
360 4385 647 4453 andentstammtdarch
693 4398 758 4442 tum.
779 4387 857 4458 Apud
883 4386 1096 4458 Apollodorum,
1118 4384 1202 4436 lilium

132 4464 177 4514 dal·
189 4465 302 4515 schaelle
319 4467 456 4532 Beeequng
465 4468 506 4517 die
517 4466 597 4516 schor
608 4466 646 4514 lo·
693 4484 741 4535 pro
751 4484 829 4518 cervo
839 4464 925 4519 babet
947 4465 971 4518 A
984 4465 1083 4520 Nostro
1096 4461 1163 4513 Fast.
1177 4456 1202 4508 d.

134 4543 229 4594 demde
241 4544 352 4594 Hamme
361 4546 425 4596 noch
438 4548 513 4598 mehr.
524 4544 570 4597 ttle
585 4561 648 4597 vero
693 4542 710 4596 l.
729 4546 811 4612 imago
822 4541 900 4610 salsa
912 4551 1016 4595 tantum
1033 4550 1202 4591 commemo-
