2662 5092
744 144 751 169 d

380 259 382 262 4
611 233 678 254 unq„
802 257 812 263 ’
891 254 897 260 ‚

139 779 175 822 ra
521 757 803 828 PRAEFATlO
919 802 925 813 ·

133 923 242 972 rerum
268 915 387 972 natura
414 899 535 989 habet,
556 929 628 1002 quae
656 900 801 975 hominis
827 896 973 972 indolem
1000 899 1193 995 attingunt;

131 1058 234 1130 eaque
251 1047 284 1105 et
301 1031 419 1132 cupide
437 1048 470 1107 et
481 1032 652 1129 ingeniose
667 1060 747 1106 usus
757 1087 767 1119 ,
779 1031 902 1126 insigni
915 1058 1025 1105 rerum
1039 1030 1194 1105 varietate

132 1176 231 1261 atque
248 1161 345 1263 eopia
362 1189 447 1262 opus
463 1190 561 1236 suum
577 1163 722 1264 posteris
733 1161 983 1237 commendarit.
997 1162 1091 1236 Deos
1106 1163 1194 1236 euim

130 1291 307 1394 plerosque
333 1322 408 1367 eum
430 1295 600 1370 attributis
626 1296 696 1370 suis
717 1295 772 1369 hic
791 1295 975 1396 descriptos
990 1294 1193 1394 reperimus,

130 1427 226 1501 Jovis
239 1428 458 1527 majestatem,
473 1428 633 1518 fulmina,
652 1430 827 1531 imperium
843 1430 877 1502 in
894 1427 1072 1516 mundum,
1089 1427 1194 1518 furta,

131 1559 278 1633 Junonis
305 1559 520 1664 zelotypiam,
538 1562 710 1664 Apollinis
736 1581 823 1637 artes
846 1579 879 1636 et
904 1589 1047 1650 amores,
1065 1562 1196 1636 Cereris

131 1693 263 1780 merita,
283 1695 443 1767 Mercurii
466 1696 687 1770 ministerium
704 1714 738 1771 et
755 1712 924 1783 umatum,
944 1695 1059 1768 Dione
1072 1693 1195 1768 choros

132 1839 166 1897 et
187 1823 393 1913 venationes,
414 1826 536 1900 Bacchi
559 1828 715 1916 nomina,
733 1855 786 1902 res
813 1844 921 1924 gestas
942 1843 976 1901 et
1000 1853 1106 1912 sacra,
1119 1825 1195 1898 Mi-

129 1982 236 2029 nervae
245 1957 431 2031 intexendo
443 1957 680 2047 excellentiam,
691 1961 827 2033 Latonae
837 1984 963 2032 errores
973 1976 1007 2032 et
1016 1957 1191 2046 vindictas,

131 2087 306 2189 Cupidinis
322 2119 412 2164 arma
427 2110 460 2165 et
476 2093 675 2192 potentiam,
693 2091 847 2166 Plutonis
862 2090 1039 2192 imperium
1053 2091 1088 2163 in
1102 2089 1189 2164 iufe-

129 2247 202 2306 τοῦ,
220 2221 426 2323 Proserpinae
442 2224 526 2312 fata,
544 2228 754 2326 Neptunum,
774 2225 895 2299 Protea
910 2223 1119 2319 ambiguum,
1138 2252 1195 2298 ca-

130 2381 252 2427 nomm
268 2355 426 2449 Tritona,
445 2358 619 2452 Musarum
633 2376 767 2445 cantus,
784 2355 930 2430 Telluris
946 2355 1089 2443 fruetus,
1102 2355 1194 2429 Tisi-

129 2480 259 2584 phones
284 2483 424 2560 formam
452 2503 485 2561 et
512 2515 691 2574 venenum,
718 2487 816 2560 lsidis
842 2514 975 2587 quoque
990 2487 1193 2587 AEgyptiacae

128 2642 294 2716 pompam.
315 2616 487 2691 Prodeunt
502 2617 608 2691 viriet
622 2617 761 2705 heroes,
779 2646 865 2719 quos
883 2616 1062 2718 antiquitas
1073 2618 1194 2693 habuit

130 2749 378 2838 celeberrimos,
404 2748 604 2838 Deucalion,
624 2749 775 2837 Chiron,
796 2747 1029 2849 AEsculapius,
1048 2747 1192 2824 Cadmus

130 2910 205 2957 eum
230 2883 320 2972 suis,
347 2878 508 2970 Tiresias,
534 2882 695 2970 Perseus,
718 2883 840 2970 Jason,
867 2881 1031 2969 Theseus,
1059 2881 1190 2968 Minos,

130 3013 303 3103 Dedalus,
327 3012 574 3116 Triptolemus,
592 3012 780 3109 Meleager,
806 3011 986 3101 Hercules,
1006 3012 1191 3114 Orpheus,

130 3146 293 3235 Achilles,
308 3145 460 3246 Ulysses,
480 3146 703 3247 Pythagoras,
717 3147 857 3234 AEueas,
870 3143 1052 3233 Romulus,
1065 3147 1190 3231 Numa,

132 3306 275 3379 quorum
289 3277 438 3352 omnium
451 3305 502 3351 res
520 3275 671 3379 plurima
688 3295 722 3352 et
736 3276 852 3352 laudes
868 3295 926 3351 aut
938 3277 1072 3350 brevius
1089 3277 1192 3350 attin·

132 3427 275 3505 guntur,
294 3427 352 3483 aut
362 3408 488 3505 ingenii
497 3408 631 3483 llumine
643 3427 767 3484 oruata
779 3407 994 3511 explicantur.
1007 3409 1187 3494 Notautur,

131 3568 203 3642 quau
216 3541 250 3613 in
262 3541 371 3616 animo
383 3540 529 3616 humano
539 3559 637 3631 sunt,
651 3542 798 3617 adfectus
810 3557 986 3642 paternus,
1003 3556 1188 3627 maternus,

128 3672 312 3763 fraternus,
326 3675 495 3765 sororius,
509 3704 602 3750 amor
611 3693 738 3762 castus,
752 3674 914 3759 inoestus,
928 3669 1122 3759 sceleratus,
1137 3671 1190 3745 sui

129 3807 253 3909 ipsius,
265 3806 371 3881 libido
384 3808 515 3896 furens,
528 3806 641 3909 plnres
655 3804 781 3879 doloris
798 3822 832 3877 et
847 3803 958 3877 luctus
972 3801 1111 3898 gradum,
1130 3800 1191 3876 de·

129 3941 289 4042 sporatio,
304 3940 447 4031 insania,
461 3941 525 4030 ira,
541 3938 722 4015 ulciscendi
734 3937 900 4027 studium,
913 3934 1058 4023 invidia,
1073 3934 1192 4009 erude-

128 4073 215 4161 litas,
229 4057 390 4176 impietas,
404 4076 521 4176 pietas,
536 4075 735 4161 innocentia,
750 4071 955 4172 simplicitas,
968 4068 1189 4171 hospitalitas,

129 4203 304 4295 mollities,
321 4207 500 4295 fortitudo,
518 4224 588 4280 tum
599 4234 718 4306 pugnae
730 4222 763 4279 et
775 4203 937 4280 tumultus
949 4203 1121 4276 variorum
1132 4199 1192 4274 ud·

129 4340 272 4416 leetuum
291 4341 462 4415 inanimo.
483 4339 578 4415 Adde
597 4342 706 4416 studia
720 4339 912 4426 hominum,
927 4335 1036 4424 bella,
1055 4333 1187 4436 praelia,

129 4474 335 4564 venationes,
361 4491 446 4549 artes
473 4474 689 4570 (tentorium,
706 4473 891 4562 fatidicam,
913 4472 1094 4560 nauticam,
1118 4468 1190 4570 pis-
