2662 5092
143 775 205 860 164

420 776 459 839 Ρ.
484 773 660 842 ovtntl
684 770 915 844 NASONIS

137 917 267 1015 Cuique
282 912 347 986 luit
361 941 472 987 rerum
486 915 651 1014 promissa
667 914 834 1016 potentia,
852 913 1021 1014 Thybrin.¹

135 1028 269 1104 Dissilit
285 1056 383 1101 omne
399 1027 526 1118 solum;
546 1048 763 1131 penetratque
782 1031 818 1103 in
832 1031 969 1104 Tartara
987 1031 1084 1106 rimis
1161 1060 1216 1111 260

138 1149 281 1233 Lumen,
300 1163 334 1218 ct
350 1143 515 1218 infernum
530 1162 631 1219 terret
648 1173 722 1219 cum
737 1145 877 1245 conjuge
895 1147 1031 1241 Regem.

135 1265 181 1335 Et
197 1289 284 1336 mare
302 1260 527 1346 contrahitur;
546 1261 703 1361 siccaque
722 1278 773 1334 est
792 1289 929 1362 campus
946 1291 1072 1354 mena,

88 1438 91 1446 .
136 1377 242 1474 Quod
257 1376 357 1451 modo
375 1393 501 1477 pontus
519 1394 605 1462 erat;
626 1404 779 1476 quosque
796 1375 900 1451 altum
925 1394 1052 1454 texerat
1076 1408 1201 1483 aequor,

135 1500 313 1574 Exsistunt
329 1517 477 1587 montes,
499 1515 532 1572 et
549 1525 680 1598 sparsas
697 1496 856 1598 Cycladas
874 1519 1006 1596 augent.

135 1625 206 1696 lma
222 1639 343 1723 petunt
357 1621 480 1721 pisces3
499 1648 560 1693 nec
578 1648 612 1693 se
631 1649 731 1720 super
747 1648 879 1721 aquora
894 1623 988 1695 curvi
1157 1650 1197 1700 aot

133 1743 266 1820 Tollere
283 1761 458 1818 consuetas
474 1741 597 1816 audent
616 1740 787 1843 delphines
804 1743 840 1815 in
857 1772 962 1818 auras.

137 1869 290 1968 Corpora
306 1866 489 1967 phocarum
505 1893 635 1938 summo
654 1865 810 1965 resupina
825 1866 994 1966 profundo

83 2024 88 2033 ·
136 1990 331 2067 Exanimata
346 1990 456 2088 jacent
472 2018 479 2061 :
499 1988 609 2088 ipsum
628 2016 762 2090 quoque
778 1990 884 2063 Nerea
900 1988 987 2064 fama
1003 2007 1078 2080 est,

136 2191 259 2244 dixerunt
271 2189 386 2243 Romani
396 2208 452 2242 non
464 2188 544 2241 modo
553 2188 645 2258 Hispa·
687 2192 787 2255 phocas
797 2201 824 2243 ct
834 2193 967 2259 respersos
982 2203 1198 2246 commemorant.

116 2256 124 2272 '
136 2268 210 2321 niam
222 2278 249 2321 et
258 2266 369 2320 Galliam
381 2306 388 2332 ,
407 2265 453 2319 sed
468 2267 565 2331 etiam,
580 2286 645 2320 con—

138 2345 277 2400 suetudine
292 2342 465 2409 Graecorum,
485 2343 567 2412 ipsam
585 2344 644 2397 lta-

136 2427 214 2480 liam:
225 2422 284 2477 vide
296 2422 440 2492 Spanhem.
450 2420 482 2475 ad
493 2421 644 2476 Callimach.

111 2540 113 2544 ν
136 2504 162 2559 h.
170 2503 229 2557 Del.
239 2522 304 2556 vers.
316 2505 368 2570 174
379 2504 642 2567 -Ilerurupoterslrir,

77 2574 80 2579 ’
135 2577 645 2650 imperiumorbisterrarum,quodpro-

136 2660 245 2713 missum
257 2668 295 2711 est
309 2658 402 2710 Romae
413 2655 445 2709 ad
461 2658 568 2709 Tiberim
575 2656 645 2719 sitm

135 2734 180 2789 sed
193 2745 277 2804 poete
288 2733 374 2786 fluviis
385 2733 520 2799 tribuunt,
532 2752 590 2803 quse
600 2751 646 2785 ur-

135 2813 210 2868 bibus
221 2811 398 2880 adjacentibus
407 2811 577 2866 conveniunt.

168 2893 225 2947 250.
238 2893 437 2958 Penelrolpuer'rr
451 2890 644 2944 Tortarorr'rus's.

136 2970 332 3027 Adumbratum
340 2966 389 3021 hoc
399 2987 429 3020 er
439 2967 529 3037 Virgil.
536 2966 644 3022 AEneid.

137 3049 205 3104 Vlll
216 3087 223 3114 ,
234 3044 351 3113 243-246
360 3083 368 3110 ,
377 3044 423 3096 ubi
430 3043 566 3098 dehiscens
575 3055 645 3099 terra

135 3126 245 3183 recludit
257 3143 338 3195 regua
348 3121 458 3193 pallida,
474 3127 646 3192 trepidantque

134 3210 246 3259 irumr'sso
251 3207 345 3256 lumine
350 3201 450 3251 Mones.
461 3198 536 3252 Idem
549 3200 645 3254 Noster

135 3280 279 3353 sepetitV,
293 3278 349 3333 356.
360 3275 401 3330 Cl.
411 3275 522 3330 Homer.
531 3275 600 3341 tlt,
611 3277 641 3330 Gr

132 3382 187 3431 sqq.
206 3389 240 3401 -
260 3359 409 3429 Corrjuperu,
435 3355 642 3424 Proserpinam,

131 3440 201 3492 insra
213 3437 322 3489 demum
333 3436 424 3506 rapiet.

167 3514 224 3580 264.
246 3517 388 3568 Exsistunt.
415 3512 448 3566 ln
473 3521 642 3582 conspectum

134 3590 294 3664 prodeunt,
323 3600 466 3659 apparent,
492 3590 595 3659 propria
617 3591 643 3644 vi

133 3669 223 3734 verhi3
236 3667 296 3721 ride
305 3668 422 3724 Gronov.
434 3668 465 3722 ad
478 3669 533 3723 Liv.
546 3668 641 3736 XXV,

134 3769 174 3803 ιι.
194 3748 226 3802 ln
248 3743 332 3800 fundo
349 3746 428 3799 maris
444 3745 521 3799 multi
538 3756 643 3798 montes

132 3837 260 3896 surgunt,
282 3834 309 3877 et
320 3824 409 3877 insulae
425 3824 463 3876 nil
477 3823 547 3875 aliud
561 3834 640 3890 sunt,

133 3904 182 3957 nisi
190 3903 325 3959 cacumina
334 3903 474 3956 montium.
485 3901 578 3955 tttanit.
587 3901 612 3955 d.
624 3901 641 3956 l.

131 3986 260 4037 Emerserr
266 3984 345 4049 fretus
355 3988 464 4043 montes,
480 3985 593 4050 orbisque
597 4000 644 4048 per

130 4066 214 4118 undas
222 4066 337 4115 Exsr‘lr'r‘t.
347 4063 435 4116 Etiam
444 4061 469 4115 h.
478 4061 493 4115 l,
504 4082 572 4114 unus
585 4061 642 4113 Va·

132 4143 209 4196 tican.
226 4150 303 4208 atque
316 4160 385 4192 unus
401 4139 553 4191 Leidensis:
571 4145 641 4190 exsi-

130 4225 197 4273 liunt
208 4224 310 4269 montes.
325 4244 358 4256 -
371 4219 469 4283 Sparso
480 4214 506 4268 h.
519 4215 533 4267 l.
550 4218 643 4285 Cyclo-

129 4302 188 4358 des,
203 4312 353 4364 quanquam
362 4295 499 4359 sporades,
515 4292 531 4344 i.
539 4312 561 4344 e.
569 4311 640 4359 spar-

130 4394 165 4429 sos
176 4373 284 4437 insulae,
297 4370 328 4422 ah
343 4369 382 4421 his
393 4369 508 4421 diversas.

162 4454 218 4508 265.
232 4454 286 4505 Nec
303 4469 331 4502 sc
342 4469 418 4516 super
432 4468 529 4516 equora
545 4458 593 4500 etc.
616 4448 640 4504 E

130 4531 254 4586 monstris
266 4527 373 4583 marina
385 4536 469 4596 poete
483 4525 638 4596 plerumque

693 2267 735 2320 De
743 2270 879 2334 phocarum
891 2273 1037 2336 corporibus
1047 2267 1159 2324 diximus
1167 2269 1196 2322 ad

693 2345 723 2412 l,
735 2347 792 2402 300.
800 2377 833 2386 -
840 2350 948 2415 Delphis
958 2348 1094 2402 Veterum
1104 2349 1199 2402 Hnneo

693 2423 789 2477 dicitur
804 2427 944 2492 Delphinus
957 2427 1086 2494 Delphis,
1105 2427 1199 2481 Nostris

693 2504 739 2554 der
749 2504 996 2564 Turonium—Curre,
1005 2503 1039 2556 oh
1046 2503 1154 2559 dorsum
1163 2525 1200 2557 re·

693 2579 819 2646 pandum.
833 2581 928 2633 Auacr.
941 2578 995 2634 0d.
1009 2598 1054 2648 tt,
1073 2603 1122 2653 ης
1140 2587 1201 2651 papie

695 2662 780 2724 ἰχθύων
789 2663 872 2733 rupeis.
885 2657 978 2711 Solent
987 2669 1078 2713 autem
1088 2659 1201 2730 delphini

693 2740 786 2793 crebro
803 2761 818 2792 e
832 2740 899 2793 mari
915 2739 1033 2809 assilire,
1053 2751 1133 2811 atque
1150 2762 1199 2795 na-

693 2829 778 2872 tantes
797 2818 942 2884 exsultare,
961 2817 1034 2871 unde
1053 2845 1085 2888 χο
1099 2828 1161 2876 emt
1175 2830 1201 2872 et

692 2892 828 2949 saltatores
850 2893 982 2947 dicuntur.
1006 2891 1049 2946 Ct'.
1073 2845 1131 2959 lll,
1153 2895 1199 2965 670

692 2992 757 3042 sqq.;
767 2973 818 3028 vid.
828 2973 896 3026 Plin.
906 2974 941 3026 H.
953 2973 986 3028 N·
997 2973 1053 3039 tX,
1062 2974 1200 3041 8,ethlul-

692 3050 763 3104 leros
775 3050 808 3104 ad
821 3051 916 3104 Linnei
929 3050 1051 3124 Systema
1066 3052 1128 3107 Nae
1143 3053 1199 3117 tt,

692 3146 717 3195 p.
736 3130 793 3179 505.
816 3130 908 3180 locere
929 3125 1056 3181 dicuntur
1079 3128 1200 3183 cadavera

692 3206 748 3257 siue
766 3204 901 3275 sepultura
919 3205 1038 3274 abjecta,
1064 3217 1096 3262 ut
1110 3216 1199 3261 monet

692 3281 785 3334 Burni.
804 3283 880 3335 ldem
902 3293 994 3352 putat,
1019 3294 1108 3338 totum
1129 3304 1199 3339 mue

692 3360 847 3425 evanuisse,
869 3370 897 3413 et
914 3379 1037 3413 summu:
1050 3361 1199 3432 prosudat

692 3438 801 3508 explicat
812 3457 920 3490 arenam
933 3456 990 3490 nou
1002 3438 1077 3507 aquis
1088 3449 1198 3508 tectam,

691 3512 736 3567 sed
748 3514 850 3568 siccam.
863 3514 980 3569 Fallitur.
993 3514 1073 3570 Mare
1083 3528 1200 3573 connat-

690 3600 748 3642 tum
770 3590 851 3643 modo
868 3600 925 3643 erat
940 3629 947 3656 ,
967 3601 994 3644 et
1015 3590 1045 3644 iu
1062 3593 1198 3663 superficie

690 3685 764 3736 aqua
771 3669 898 3736 p'acebarrt
907 3672 1057 3721 excarnata
1066 3677 1193 3740 resmbe,
1265 3722 1273 3738 ‚

691 3758 722 3801 ut
739 3747 825 3800 solent
840 3765 950 3815 corpora
965 3757 1074 3801 mortua
1088 3749 1120 3804 in
1135 3768 1203 3822 aqua

689 3835 789 3879 natare.

723 3904 778 3957 268.
793 3905 895 3956 lacent.
916 3902 1008 3958 Codex
1027 3917 1120 3962 nosue·
1134 3907 1197 3976 Reg.

688 3982 720 4036 B.
734 3984 850 4046 Nolanl,·
865 3981 954 4034 minus
967 3981 1045 4036 bene.
1061 4012 1095 4025 ·-
1107 3984 1198 4039 Heius

689 4057 798 4111 dederat
809 4060 967 4110 Exarsr'rnoto
977 4067 1088 4127 natam
1100 4060 1145 4114 sed
1149 4062 1196 4129 jo

687 4146 745 4191 cent
755 4138 886 4190 revocavit
899 4140 1082 4194 Burmannus.
1099 4167 1133 4181 ·-
1144 4143 1191 4193 nu

687 4219 751 4269 rr'rr'a.
761 4215 862 4276 Oceani
873 4228 899 4269 ct
907 4216 1026 4289 Tethyos
1036 4219 1134 4287 filiam,
1146 4219 1190 4272 Ne·

687 4296 725 4347 rei
740 4315 864 4361 uxorem,
884 4307 997 4349 matrem
1010 4298 1186 4370 Nympharum

687 4374 887 4427 maritimarum.
901 4377 950 4426 Ed.
961 4403 995 4416 -
1009 4378 1104 4429 Antros
1115 4375 1187 4428 Hein-

686 4451 738 4504 sius
750 4453 843 4522 recipit
852 4473 882 4506 ex
893 4453 1047 4508 melioribus
1057 4475 1106 4525 pro
1116 4458 1188 4508 undis.

689 4528 800 4586 Codices
816 4534 899 4587 nostri
907 4572 916 4600 ,
926 4539 1017 4587 oolrr's.
1036 4563 1069 4576 ·-
1084 4536 1135 4589 Sub
1148 4551 1187 4588 at·
