2662 5092
10 554 15 825 l
169 700 231 768 ns
262 700 439 770 orsus
471 701 1009 779 uurnuonruosuou.
1082 735 1126 804 29

10 846 12 917 i
89 837 154 927 cula,
175 841 301 928 Horas,
318 842 404 929 Ver,
421 842 601 929 AEstatem,
618 843 843 933 Autumnum,
860 847 1021 922 Hiemem.
1046 849 1127 922 Alas

87 962 206 1054 lledali,
221 967 326 1054 VIII,
355 964 444 1065 189,
461 966 606 1040 ostendit
621 968 720 1042 nobis
741 970 831 1044 suavi
851 973 1062 1048 similitudine
1078 975 1128 1048 in-

85 1090 238 1189 ltrposita:
265 1089 320 1164 Sic
337 1091 447 1164 rnstr‘ca
469 1092 621 1192 quondam
641 1093 769 1167 Fistula
788 1094 957 1196 dt'spau'bus
974 1098 1126 1199 paulatin

81 1211 155 1309 sugit
176 1212 287 1286 oreris.
318 1212 370 1285 De
392 1240 472 1314 apro
497 1213 705 1315 Calydonio,
735 1218 841 1305 VIII,
871 1217 1029 1320 282-97,
1057 1238 1128 1294 tum

80 1327 218 1427 tttto,
248 1334 296 1408 nil
312 1355 492 1425 memorat,
521 1337 585 1410 nisi
602 1339 692 1439 quod
708 1340 750 1412 ad
773 1339 948 1414 consilium
963 1344 1128 1442 pertinet;

74 1453 124 1533 boc
149 1479 222 1548 est,
254 1459 345 1560 quod
369 1461 527 1550 declarat,
563 1491 661 1562 quam
687 1464 851 1536 horrenda
872 1463 972 1537 fuerit
997 1464 1129 1554 bellua,

70 1603 217 1684 mantum
239 1585 393 1659 darum
414 1584 563 1660 attulerit
582 1588 691 1682 agris,
720 1605 753 1660 et
772 1605 856 1688 quot
872 1589 1028 1686 juvenum
1048 1619 1129 1664 con—

65 1733 156 1782 eus..
171 1707 369 1810 opussuen
382 1687 426 1782 *aa
439 1739 509 1783 eam
526 1708 761 1784 assensuum.
788 1711 874 1798 sea,
901 1730 940 1786 ue
958 1713 1023 1812 jam
1042 1713 1129 1802 uxi,

59 1849 166 1911 totum
183 1865 312 1910 carmen
328 1836 492 1935 ejusmodi
510 1834 692 1910 luminibus
717 1836 909 1910 distinctum
927 1856 997 1926 est,
1023 1868 1130 1940 neque

55 1959 141 2034 adeo
159 1977 228 2045 est,
245 1959 332 2059 quod
350 1959 445 2060 plura
459 1959 525 2058 jam
541 1987 734 2033 recenseam.

106 2084 222 2157 Etiam
235 2082 269 2156 in
281 2083 444 2184 adfectibus
459 2082 579 2158 mentis
595 2087 767 2175 humanae,
793 2105 859 2162 tam
877 2090 1023 2164 motibus
1040 2109 1130 2164 tene·

53 2208 124 2294 ris,
143 2235 243 2307 quam
257 2205 555 2280 vehementioribus
567 2209 873 2308 perturbationibus
886 2213 1027 2287 notoudr's
1039 2241 1131 2310 egre-

59 2331 134 2425 gius
156 2329 273 2404 artilex
297 2332 421 2404 Noster
441 2330 613 2430 reperitur.
642 2333 802 2407 Paternus
826 2331 972 2409 adlectus
995 2336 1129 2434 paucis,

63 2455 122 2527 sed
131 2453 354 2543 bene,VIII,
374 2479 463 2543 210,
481 2455 684 2556 descriptus,

147 2645 227 2705 Inter
240 2666 310 2727 opus
325 2647 508 2727 monitusque
522 2667 602 2731 genae
614 2645 746 2706 maduere
760 2644 862 2706 seniles

142 2749 184 2809 Et
195 2751 292 2831 patriae
305 2761 446 2812 tremuere
459 2773 574 2829 manus,

63 2919 245 3019 copiosius,
257 2922 309 3009 II,
322 2948 455 3023 91-99,
470 2919 965 3022 inPhoeb0,d0p1'guoracerta,
984 2939 1063 3010 etc.;
1079 2938 1132 3010 et,

61 3043 125 3129 II,
151 3042 332 3143 496-510,
349 3047 383 3118 in
397 3046 566 3121 Pandione
581 3074 658 3120 sene
670 3045 770 3121 filiam
786 3046 980 3120 dimittente.
1005 3048 1130 3121 Mater·

62 3195 138 3240 num
152 3167 301 3241 animum
321 3224 332 3256 ,
362 3171 437 3257 IX,
467 3167 629 3269 375-81,
661 3169 788 3266 egregie
806 3169 926 3243 exserit
942 3169 1076 3270 Dryope
1096 3169 1131 3243 iu

63 3291 165 3368 lotum
190 3295 371 3384 transiens,
400 3286 624 3369 sollicitudine
651 3295 697 3370 de
724 3293 784 3366 filii
811 3293 1003 3368 educatione
1033 3311 1131 3396 atque

63 3417 173 3492 salute.
199 3422 359 3494 Mutuum
375 3419 503 3518 juvenis
525 3418 732 3521 puellaque,
757 3418 847 3492 taedae
867 3418 940 3516 jure
956 3419 1052 3517 jungi
1074 3448 1131 3493 cu-

62 3535 241 3633 pientimn',
263 3565 406 3611 amorem
424 3537 509 3610 bene
531 3535 688 3610 describit
708 3534 840 3634 Pyrami
863 3551 896 3605 et
914 3533 1057 3607 Thisbes
1081 3533 1132 3608 sa-

62 3656 148 3733 bula.
176 3660 482 3758 Flagrantissimum
504 3660 617 3734 uxoris
640 3660 674 3732 in
699 3658 853 3732 maritum
880 3687 1024 3733 amorem
1048 3658 1129 3732 IIal-

63 3810 160 3882 cyone
172 3786 341 3860 verissime
353 3785 468 3873 refert,
486 3788 557 3872 XI;
576 3784 636 3858 ubi
655 3783 809 3857 maritum
825 3783 1045 3859 discessurum
1060 3810 1130 3858 esse

66 3912 240 4011 comperit,
259 3909 413 4004 deb-43,
428 3930 461 3985 et
473 3912 506 3984 in
519 3911 663 3985 discessu
675 3908 769 4009 ipso,
786 3908 857 4001 464
870 3938 961 4010 sqq.,
979 3908 1131 4008 idemque

67 4029 119 4106 illo
135 4037 269 4110 absente
284 4036 401 4111 transit
413 4037 557 4137 primum
569 4035 604 4108 in
620 4033 833 4122 desiderium,
853 4033 986 4134 573-81
1009 4065 1017 4108 ε
1034 4064 1128 4121 mor,

70 4157 119 4230 nbi
137 4161 177 4234 de
197 4163 290 4237 obitu
307 4164 378 4263 ejus
391 4161 518 4236 somnio
531 4160 656 4235 monita
674 4177 742 4248 cst,
760 4160 795 4232 in
813 4160 1040 4256 gravissimum
1055 4159 1129 4233 luc-

75 4295 132 4357 tum
144 4285 328 4388 678-709,
342 4306 375 4361 et
383 4288 442 4362 ubi
456 4316 576 4389 corpus
589 4287 658 4386 ejus
670 4304 786 4360 natans
800 4287 962 4388 prospicit
975 4286 1043 4387 716
1056 4314 1128 4383 sqq.

77 4403 172 4484 llariti
200 4413 234 4485 in
259 4414 432 4510 conjugem
456 4413 599 4490 animum
624 4442 693 4489 uon
714 4411 797 4487 mate
823 4412 977 4514 exprimit
999 4413 1130 4483 Deuca-
