2662 5092
129 714 195 806 278
408 708 448 774 r.
476 707 651 775 ovrnu
679 705 911 775 nesonrs

130 886 147 916 o
166 852 244 923 Non
260 866 368 922 tamen
384 846 471 920 lianc
489 874 582 921 sacro
598 844 714 919 violari
731 844 883 946 pondere
898 844 1018 946 pinum

130 1001 148 1033 »
170 964 359 1065 Perpetiar‚
376 963 462 1049 dixi3
477 991 554 1063 pars
568 962 624 1036 hic
639 962 723 1037 mihi
739 962 883 1036 maxima
896 962 1000 1061 juris;

128 1115 147 1146 ³·
167 1083 273 1180 Inque
290 1078 381 1152 aditu
400 1078 529 1152 obsisto
545 1107 553 1151 :
567 1076 649 1151 furit
662 1076 903 1151 audacissimus
920 1076 1014 1151 omui

129 1236 148 1268 »
168 1204 218 1276 De
235 1231 373 1277 numero
388 1202 553 1302 Lycabas,
572 1201 630 1302 qni
644 1200 778 1275 Thuooa
793 1199 915 1302 pulsus
930 1200 975 1274 ab
988 1199 1068 1275 ute

128 1360 147 1393 »
168 1324 347 1412 Exsilium,
366 1325 438 1399 dira
455 1353 589 1427 poenam
605 1352 669 1426 pro
687 1323 791 1413 cade,
809 1322 936 1398 luebat.
1122 1346 1160 1397 aa

129 1481 148 1511 n
168 1452 201 1521 Is
217 1449 316 1534 mihi,
335 1448 414 1521 dum
429 1465 538 1535 resto,
553 1446 690 1546 juvenili
707 1464 842 1544 guttura
857 1474 980 1547 pugno

128 1605 147 1637 »
167 1571 292 1671 Rupit;
311 1588 344 1645 et
361 1599 534 1645 excussum
549 1572 695 1646 misisset
709 1572 745 1645 in
759 1596 911 1671 equora,
929 1569 959 1643 si
976 1596 1042 1642 non

128 1725 147 1759 o
167 1694 359 1782 Humorem,
379 1695 528 1795 quamvis
544 1723 675 1783 amens,
696 1695 732 1767 in
748 1693 829 1767 fune
846 1709 1007 1767 retentus.

130 1849 148 1882 »
169 1817 275 1916 lmpia
292 1817 392 1892 turba
407 1818 555 1920 probant
572 1818 706 1891 factum:
733 1834 805 1890 turn
821 1815 967 1916 denique
983 1812 1131 1897 Bacchus,

131 1972 149 2002 u
169 1939 320 2012 Bacchus
337 1941 424 2013 euim
441 1938 564 2028 suerat,
580 1938 682 2014 veluti
700 1939 842 2012 elamore
859 1934 994 2011 solutus
1124 1954 1158 2006 uo

131 2093 149 2125 ³»
171 2059 222 2133 Sit
238 2089 358 2161 sopor,
378 2092 463 2162 aque
479 2092 571 2137 mero
589 2062 725 2136 redeant
740 2062 774 2133 in
791 2077 928 2160 pectora
945 2086 1080 2145 sensus,

132 2218 149 2248 n
171 2184 264 2280 Quid
282 2183 417 2259 facitis?
434 2188 510 2286 quis
523 2184 674 2259 elamor?
688 2185 756 2259 ait:
774 2214 859 2285 qua,
877 2182 1001 2271 dieite,
1018 2196 1123 2263 naute,

130 2339 148 2372 »
169 2308 245 2380 Huc
263 2335 326 2407 ope
343 2309 504 2407 perveni?
520 2338 587 2408 quo
608 2337 659 2382 me
677 2307 802 2383 deferre
820 2305 972 2406 paratis?

133 2463 150 2495 »
171 2429 261 2502 Pone
279 2446 421 2517 metum,
441 2431 600 2517 Proreus,
615 2447 649 2503 et
666 2458 751 2530 quos
768 2428 964 2521 contingere
980 2444 1090 2527 portus
1134 2468 1139 2477 ·

133 2586 150 2615 u
170 2551 242 2625 Ede
260 2550 359 2639 velis,
378 2551 481 2639 dirit3
501 2570 588 2626 terra
604 2551 718 2626 sistere
736 2549 849 2651 petita.
1125 2562 1160 2615 ⁶³5

130 2773 192 2807 eurn
208 2754 287 2822 ligare
299 2754 409 2819 volunt,
427 2752 472 2807 aed
487 2753 530 2807 illa
543 2763 636 2823 sponte
718 2751 776 2823 629.
789 2741 1161 2815 rurbamhant.1toeui1teii.

130 2832 228 2885 cadunt
241 2832 274 2885 de
287 2833 415 2887 manibus.
682 2834 775 2897 proba!
781 2868 788 2883 .
801 2828 856 2880 aine
865 2826 918 2879 ulla
926 2825 1023 2880 lineola
1033 2819 1162 2894 superte}

59 2910 62 2917 ’
162 2910 219 2963 621.
237 2912 356 2963 Pondere.
372 2908 464 2963 Codex
482 2909 580 2977 Regius
596 2909 636 2973 B,
686 2920 728 2971 ιτς
745 2907 816 2960 unde
829 2905 959 2975 pluralem
969 2918 1161 2959 numerumn·

129 2987 414 3057 corporeetsupra‚sed
423 2987 471 3040 alia
480 3006 577 3052 manu,
590 2988 637 3040 etsi
686 2989 784 3058 picora
800 2985 992 3040 recentioribus
1008 2985 1082 3057 [uuae
1097 2982 1163 3035 im·

131 3067 250 3134 ejusdem
270 3065 377 3130 attuli,
400 3068 516 3131 porilem.
538 3065 587 3117 Ed.
605 3094 638 3105 -
686 3078 751 3120 tum.
769 3069 820 3119 Ed.
838 3062 1167 3131 -Solutnssopoesdh

131 3147 234 3197 Pondus
245 3184 251 3201 .
274 3141 404 3211 quidquid
419 3142 565 3210 imponitur
577 3144 638 3196 navi
686 3165 807 3210 somnus,
820 3162 903 3214 quum
913 3142 1068 3212 depellitur,
1079 3138 1167 3209 sepit·

129 3241 242 3292 corpus:
261 3220 507 3292 XV‚594,sicest
523 3239 587 3272 onus
604 3218 639 3273 de
687 3225 806 3281 Aurem.
827 3232 1004 3292 pmtmemm
1016 3220 1168 3291 dignen-

130 3322 239 3371 corpore
251 3300 302 3354 Dei
311 3318 406 3352 navem
418 3309 564 3367 premente.
581 3300 637 3352 Na·
685 3304 908 3368 Haeopepemnr'.
924 3300 1006 3353 Unus
1015 3292 1168 3362 Heiaaiifk·

128 3380 167 3433 via
180 3384 292 3432 violatur
306 3376 441 3447 pondere,
457 3378 569 3445 quiarea
582 3378 640 3430 irn-
688 3386 762 3439 oeni.
789 3379 859 3449 quod
883 3380 1043 3433 Bur-manno
1063 3377 1170 3445 edepl!

132 3456 240 3525 piarat,
261 3457 350 3509 Deum
362 3454 387 3505 vi
406 3453 549 3507 abductum
566 3454 594 3507 in
609 3474 640 3508 ea
689 3457 787 3512 dictum
799 3457 921 3521 videtur,
935 3458 999 3526 quia
1009 3446 1173 3510 dieiturde'!

131 3536 254 3590 retinere.
262 3540 366 3589 —Pars
376 3538 418 3588 hic
427 3545 474 3588 ete.
485 3534 549 3586 Erat
561 3535 639 3587 Aroe-
689 3536 734 3604 qui
745 3536 772 3588 in
785 3535 853 3588 mala
864 3533 994 3587 incidunt
1005 3562 1039 3575 -
1048 3526 1174 3588 Nostine

131 3623 170 3666 tes
184 3613 344 3681 gubernator
358 3613 439 3675 naria.
459 3612 572 3665 llonaer.
584 3610 610 3665 d.
623 3609 639 3662 l.
688 3614 737 3682 gii,
744 3608 1174 3681 peneuiZ-Quomdesempnd'l·

131 3711 208 3745 rerau
228 3695 265 3744 15.
279 3693 377 3763 Hygin.
393 3692 418 3746 d.
436 3692 452 3745 l.
471 3720 505 3731 -
515 3694 582 3743 Pars
598 3693 641 3743 hic
689 3692 795 3745 Servius
815 3691 840 3744 d.
859 3691 876 3743 l.
891 3696 1049 3756 experrectus
1069 3694 1097 3742 ἐι
1111 3702 1174 3743 mi

131 3773 312 3823 mi'he'maesrinae
317 3771 392 3835 [ἰατὰ.
401 3772 533 3827 Maniae.
543 3768 639 3838 inquit,
687 3775 885 3839 produceretur,
896 3773 1067 3837 interrogarit.
1078 3770 1175 3833 nespu-

126 3866 190 3912 pars
200 3847 280 3915 hujus
291 3847 365 3899 navia
375 3857 413 3899 eat
427 3865 492 3900 mea.
506 3850 556 3900 Ed.
688 3854 779 3902 derunt
787 3853 839 3907 illi.
854 3868 902 3916 pro
913 3852 998 3901 ulter.
1010 3848 1089 3901 liber
1095 3850 1145 3907 are,
1153 3840 1180 3894 l

164 3925 222 3977 526.
236 3928 364 3985 lucendi,
379 3923 496 3992 adeoque
513 3925 582 3978 sorti.
598 3925 639 3989 X,
688 3929 1134 3993 Naxnm‚ias=1ansthe'sacn1u.

131 4000 180 4067 675
189 4041 195 4061 ,
205 4003 437 4068 jecr'tjuecoililer.
451 4021 555 4055 summa
565 4002 598 4057 vi.
607 4030 642 4041 -
721 4006 778 4070 634.
788 4006 895 4056 Proreus
906 4002 1008 4057 Gracia
1018 4014 1057 4057 eat
1068 4004 1107 4067 ia,
1117 4012 1178 4070 qu

132 4080 218 4143 Rupit
232 4080 284 4133 siri
295 4090 321 4133 et
333 4099 400 4132 unua
408 4079 640 4149 Leidensiajregit.
690 4080 768 4135 ovid.
779 4100 854 4134 versu
864 4081 922 4150 517,
929 4072 1179 4147 pmmtutelaaetirit

132 4154 259 4208 Heinsius
283 4157 411 4211 maluerat
434 4165 525 4223 raptat.
552 4160 641 4213 Nostri
690 4162 732 4214 Ab
753 4160 861 4233 Hygino
878 4160 905 4212 in
930 4160 1042 4229 antiquo
1059 4150 1180 4227 erenpffi

131 4230 209 4298 Regii
222 4230 400 4299 halieutrupr'l.
408 4235 539 4299 -Jtupie
555 4235 586 4287 de
595 4257 642 4289 eo·
690 4238 771 4290 abfuit
782 4238 831 4291 hoc
844 4256 961 4300 nomem
976 4237 1068 4306 itaque
1078 4224 1180 4289 numdi

131 4316 198 4358 natu
218 4306 392 4374 capiendum,
410 4327 531 4377 rumpere
551 4312 640 4365 voluit.
689 4325 833 4384 putarunt,
848 4316 975 4368 Nostrum
985 4333 1018 4367 ex
1029 4313 1137 4367 nomine
1147 4306 1181 4361 ol·

133 4383 233 4456 llygin.
245 4383 283 4436 nil
296 4383 406 4453 definit,
429 4387 547 4453 iirjurr'am
561 4392 594 4440 ab
607 4395 641 4443 iis
690 4393 741 4445 sirii
758 4393 845 4446 feriare
859 4411 961 4446 nomen
973 4393 1119 4462 proprium.
1134 4382 1182 4439 W

127 4469 280 4530 passusest.
690 4469 1123 4540 Munlrer.adllygin.-llirsor,
1137 4460 1183 4517 vll*
