<?xml version="1.0" encoding="UTF-8"?>
<!DOCTYPE html PUBLIC "-//W3C//DTD XHTML 1.0 Transitional//EN"
    "http://www.w3.org/TR/xhtml1/DTD/xhtml1-transitional.dtd">
<html xmlns="http://www.w3.org/1999/xhtml" xml:lang="en" lang="en">
 <head>
  <title>
</title>
<meta http-equiv="Content-Type" content="text/html;charset=utf-8" />
  <meta name='ocr-system' content='tesseract 3.04.00' />
  <meta name='ocr-capabilities' content='ocr_page ocr_carea ocr_par ocr_line ocrx_word'/>
</head>
<body>
  <div class='ocr_page' id='page_1' title='image "./publiiovidiinas01massgoog_0496.png"; bbox 0 0 2662 5092; ppageno 0'>
   <div class='ocr_carea' id='block_1_1' title="bbox 292 729 1183 848">
    <p class='ocr_par' dir='ltr' id='par_1_1' title="bbox 292 729 1183 848">
     <span class='ocr_line' id='line_1_1' title="bbox 292 729 1183 848; baseline 0.016 -39"><span class='ocrx_word' id='word_1_1' title='bbox 292 729 800 812; x_wconf 72' lang='lat' dir='ltr'><strong>Mnrtmonrnosnou</strong></span> <span class='ocrx_word' id='word_1_2' title='bbox 823 750 919 818; x_wconf 79' lang='lat' dir='ltr'><strong>Lis.</strong></span> <span class='ocrx_word' id='word_1_3' title='bbox 942 753 1010 819; x_wconf 87' lang='lat' dir='ltr'><strong>vr.</strong></span> <span class='ocrx_word' id='word_1_4' title='bbox 1117 754 1183 848; x_wconf 71' lang='lat'><strong>467</strong></span> 
     </span>
    </p>
   </div>
   <div class='ocr_carea' id='block_1_2' title="bbox 129 880 1188 2038">
    <p class='ocr_par' dir='ltr' id='par_1_2' title="bbox 129 880 1135 1209">
     <span class='ocr_line' id='line_1_2' title="bbox 129 880 1135 982; baseline 0.017 -32"><span class='ocrx_word' id='word_1_5' title='bbox 129 880 299 978; x_wconf 86' lang='lat' dir='ltr'><strong>Tantaque</strong></span> <span class='ocrx_word' id='word_1_6' title='bbox 316 908 385 952; x_wconf 90' lang='lat' dir='ltr'><strong>nox</strong></span> <span class='ocrx_word' id='word_1_7' title='bbox 401 880 501 952; x_wconf 89' lang='lat' dir='ltr'><strong>animi</strong></span> <span class='ocrx_word' id='word_1_8' title='bbox 516 898 585 967; x_wconf 93' lang='lat' dir='ltr'><strong>est,</strong></span> <span class='ocrx_word' id='word_1_9' title='bbox 607 914 623 946; x_wconf 94' lang='lat'>«</span> <span class='ocrx_word' id='word_1_10' title='bbox 643 884 718 982; x_wconf 79' lang='lat' dir='ltr'><strong>Ityn</strong></span> <span class='ocrx_word' id='word_1_11' title='bbox 736 883 801 957; x_wconf 92' lang='lat' dir='ltr'><strong>huc</strong></span> <span class='ocrx_word' id='word_1_12' title='bbox 820 889 988 980; x_wconf 86' lang='lat' dir='ltr'><strong>arcessite,</strong></span> <span class='ocrx_word' id='word_1_13' title='bbox 1005 924 1022 958; x_wconf 73' lang='lat' dir='ltr'><strong>r&gt;</strong></span> <span class='ocrx_word' id='word_1_14' title='bbox 1042 892 1135 966; x_wconf 81' lang='lat' dir='ltr'><strong>dixit.</strong></span> 
     </span>
     <span class='ocr_line' id='line_1_3' title="bbox 130 993 1036 1095; baseline 0.01 -28"><span class='ocrx_word' id='word_1_15' title='bbox 130 993 345 1068; x_wconf 89' lang='lat' dir='ltr'><strong>Dissimulare</strong></span> <span class='ocrx_word' id='word_1_16' title='bbox 364 994 481 1095; x_wconf 88' lang='lat' dir='ltr'><strong>nequit</strong></span> <span class='ocrx_word' id='word_1_17' title='bbox 497 994 639 1069; x_wconf 81' lang='lat' dir='ltr'><strong>crudelia</strong></span> <span class='ocrx_word' id='word_1_18' title='bbox 656 997 773 1091; x_wconf 88' lang='lat' dir='ltr'><strong>gaudia</strong></span> <span class='ocrx_word' id='word_1_19' title='bbox 785 999 939 1090; x_wconf 89' lang='lat' dir='ltr'><strong>Procne,</strong></span> <span class='ocrx_word' id='word_1_20' title='bbox 1034 1081 1036 1085; x_wconf 67' lang='grc'>,</span> 
     </span>
     <span class='ocr_line' id='line_1_4' title="bbox 130 1110 952 1209; baseline 0.009 -29"><span class='ocrx_word' id='word_1_21' title='bbox 130 1111 270 1207; x_wconf 83' lang='lat' dir='ltr'>Jamque</span> <span class='ocrx_word' id='word_1_22' title='bbox 289 1137 354 1182; x_wconf 84' lang='lat' dir='ltr'><strong>suae</strong></span> <span class='ocrx_word' id='word_1_23' title='bbox 372 1110 508 1209; x_wconf 87' lang='lat' dir='ltr'><strong>cupiens</strong></span> <span class='ocrx_word' id='word_1_24' title='bbox 523 1110 678 1183; x_wconf 79' lang='lat' dir='ltr'><strong>exsistere</strong></span> <span class='ocrx_word' id='word_1_25' title='bbox 695 1113 812 1184; x_wconf 89' lang='lat' dir='ltr'><strong>nuntia</strong></span> <span class='ocrx_word' id='word_1_26' title='bbox 828 1111 929 1187; x_wconf 89' lang='lat' dir='ltr'><strong>cladis</strong></span> <span class='ocrx_word' id='word_1_27' title='bbox 944 1143 952 1202; x_wconf 83' lang='lat'>3</span> 
     </span>
    </p>

    <p class='ocr_par' dir='ltr' id='par_1_3' title="bbox 132 1224 1184 1554">
     <span class='ocr_line' id='line_1_5' title="bbox 135 1224 1184 1329; baseline 0.012 -34"><span class='ocrx_word' id='word_1_28' title='bbox 135 1227 265 1329; x_wconf 74' lang='lat' dir='ltr'><strong>ulntus</strong></span> <span class='ocrx_word' id='word_1_29' title='bbox 281 1225 402 1312; x_wconf 89' lang='lat' dir='ltr'><strong>habes,</strong></span> <span class='ocrx_word' id='word_1_30' title='bbox 418 1225 508 1325; x_wconf 90' lang='lat' dir='ltr'><strong>qnod</strong></span> <span class='ocrx_word' id='word_1_31' title='bbox 523 1225 654 1325; x_wconf 86' lang='lat' dir='ltr'><strong>poscis,</strong></span> <span class='ocrx_word' id='word_1_32' title='bbox 672 1259 689 1288; x_wconf 72' lang='lat' dir='ltr'><strong>u</strong></span> <span class='ocrx_word' id='word_1_33' title='bbox 705 1224 770 1298; x_wconf 92' lang='lat' dir='ltr'><strong>ait:</strong></span> <span class='ocrx_word' id='word_1_34' title='bbox 791 1227 1012 1329; x_wconf 85' lang='lat' dir='ltr'>circumspicit</span> <span class='ocrx_word' id='word_1_35' title='bbox 1029 1231 1103 1323; x_wconf 89' lang='lat' dir='ltr'><strong>ille,</strong></span> <span class='ocrx_word' id='word_1_36' title='bbox 1134 1259 1184 1313; x_wconf 78' lang='lat'><strong>655</strong></span> 
     </span>
     <span class='ocr_line' id='line_1_6' title="bbox 132 1340 1100 1443; baseline 0.009 -30"><span class='ocrx_word' id='word_1_37' title='bbox 132 1341 244 1440; x_wconf 84' lang='lat' dir='ltr'><strong>Atque</strong></span> <span class='ocrx_word' id='word_1_38' title='bbox 262 1341 322 1412; x_wconf 89' lang='lat' dir='ltr'><strong>ubi</strong></span> <span class='ocrx_word' id='word_1_39' title='bbox 342 1342 385 1413; x_wconf 86' lang='lat' dir='ltr'><strong>sit</strong></span> <span class='ocrx_word' id='word_1_40' title='bbox 400 1341 535 1439; x_wconf 78' lang='lat' dir='ltr'><strong>quaerit3</strong></span> <span class='ocrx_word' id='word_1_41' title='bbox 555 1341 731 1440; x_wconf 73' lang='lat' dir='ltr'><strong>querenti,</strong></span> <span class='ocrx_word' id='word_1_42' title='bbox 752 1340 935 1443; x_wconf 78' lang='lat' dir='ltr'><strong>iterumque</strong></span> <span class='ocrx_word' id='word_1_43' title='bbox 954 1351 1100 1439; x_wconf 83' lang='lat' dir='ltr'><strong>vocanti,¹</strong></span> 
     </span>
     <span class='ocr_line' id='line_1_7' title="bbox 134 1453 846 1554; baseline 0 -26"><span class='ocrx_word' id='word_1_44' title='bbox 134 1455 227 1528; x_wconf 86' lang='lat' dir='ltr'><strong>Sicut</strong></span> <span class='ocrx_word' id='word_1_45' title='bbox 245 1472 314 1528; x_wconf 89' lang='lat' dir='ltr'><strong>crat</strong></span> <span class='ocrx_word' id='word_1_46' title='bbox 332 1455 455 1554; x_wconf 81' lang='lat' dir='ltr'><strong>sparsis</strong></span> <span class='ocrx_word' id='word_1_47' title='bbox 472 1453 582 1527; x_wconf 78' lang='lat' dir='ltr'><strong>fririali</strong></span> <span class='ocrx_word' id='word_1_48' title='bbox 600 1454 684 1527; x_wconf 82' lang='lat' dir='ltr'><strong>caede</strong></span> <span class='ocrx_word' id='word_1_49' title='bbox 701 1453 846 1554; x_wconf 85' lang='lat' dir='ltr'><strong>capillis,</strong></span> 
     </span>
    </p>

    <p class='ocr_par' dir='ltr' id='par_1_4' title="bbox 133 1568 979 1669">
     <span class='ocr_line' id='line_1_8' title="bbox 133 1568 979 1669; baseline 0.007 -27"><span class='ocrx_word' id='word_1_50' title='bbox 133 1568 301 1655; x_wconf 89' lang='lat' dir='ltr'><strong>Prosiliit,</strong></span> <span class='ocrx_word' id='word_1_51' title='bbox 320 1572 478 1669; x_wconf 79' lang='lat' dir='ltr'><strong>Ityosque</strong></span> <span class='ocrx_word' id='word_1_52' title='bbox 496 1587 594 1669; x_wconf 89' lang='lat' dir='ltr'><strong>caput</strong></span> <span class='ocrx_word' id='word_1_53' title='bbox 607 1568 791 1644; x_wconf 83' lang='lat' dir='ltr'><strong>Philomela</strong></span> <span class='ocrx_word' id='word_1_54' title='bbox 808 1591 979 1648; x_wconf 91' lang='lat' dir='ltr'><strong>cruentum</strong></span> 
     </span>
    </p>

    <p class='ocr_par' dir='ltr' id='par_1_5' title="bbox 134 1689 936 1791">
     <span class='ocr_line' id='line_1_9' title="bbox 134 1689 936 1791; baseline 0.006 -28"><span class='ocrx_word' id='word_1_55' title='bbox 134 1691 229 1763; x_wconf 85' lang='lat' dir='ltr'><strong>Misit</strong></span> <span class='ocrx_word' id='word_1_56' title='bbox 243 1691 277 1761; x_wconf 93' lang='lat' dir='ltr'><strong>in</strong></span> <span class='ocrx_word' id='word_1_57' title='bbox 297 1718 352 1762; x_wconf 90' lang='lat' dir='ltr'><strong>ora</strong></span> <span class='ocrx_word' id='word_1_58' title='bbox 368 1689 452 1790; x_wconf 90' lang='lat' dir='ltr'><strong>patri</strong></span> <span class='ocrx_word' id='word_1_59' title='bbox 467 1720 475 1762; x_wconf 81' lang='lat' dir='ltr'><strong>s</strong></span> <span class='ocrx_word' id='word_1_60' title='bbox 489 1702 714 1791; x_wconf 86' lang='lat' dir='ltr'><strong>nec&#39;tempor&#39;e</strong></span> <span class='ocrx_word' id='word_1_61' title='bbox 732 1692 848 1766; x_wconf 88' lang='lat' dir='ltr'><strong>maluit</strong></span> <span class='ocrx_word' id='word_1_62' title='bbox 865 1693 936 1768; x_wconf 90' lang='lat' dir='ltr'><strong>ullo</strong></span> 
     </span>
    </p>

    <p class='ocr_par' dir='ltr' id='par_1_6' title="bbox 135 1812 1188 2038">
     <span class='ocr_line' id='line_1_10' title="bbox 135 1812 1188 1914; baseline 0.013 -27"><span class='ocrx_word' id='word_1_63' title='bbox 135 1815 239 1887; x_wconf 89' lang='lat' dir='ltr'><strong>Posse</strong></span> <span class='ocrx_word' id='word_1_64' title='bbox 255 1812 365 1914; x_wconf 92' lang='lat' dir='ltr'><strong>loqui,</strong></span> <span class='ocrx_word' id='word_1_65' title='bbox 383 1831 417 1886; x_wconf 95' lang='lat' dir='ltr'><strong>et</strong></span> <span class='ocrx_word' id='word_1_66' title='bbox 432 1813 556 1888; x_wconf 90' lang='lat' dir='ltr'><strong>meritis</strong></span> <span class='ocrx_word' id='word_1_67' title='bbox 574 1816 686 1888; x_wconf 86' lang='lat' dir='ltr'><strong>testari</strong></span> <span class='ocrx_word' id='word_1_68' title='bbox 703 1817 820 1910; x_wconf 85' lang='lat' dir='ltr'><strong>gaudia</strong></span> <span class='ocrx_word' id='word_1_69' title='bbox 839 1818 945 1894; x_wconf 89' lang='lat' dir='ltr'><strong>dictis.</strong></span> <span class='ocrx_word' id='word_1_70' title='bbox 1022 1891 1024 1894; x_wconf 16' lang='lat' dir='ltr'><strong>a</strong></span> <span class='ocrx_word' id='word_1_71' title='bbox 1138 1849 1188 1901; x_wconf 80' lang='lat' dir='ltr'><strong>ooo</strong></span> 
     </span>
     <span class='ocr_line' id='line_1_11' title="bbox 135 1935 907 2038; baseline 0.008 -31"><span class='ocrx_word' id='word_1_72' title='bbox 135 1935 296 2008; x_wconf 86' lang='lat' dir='ltr'><strong>Thracius</strong></span> <span class='ocrx_word' id='word_1_73' title='bbox 313 1935 437 2030; x_wconf 82' lang='lat' dir='ltr'><strong>ingenti</strong></span> <span class='ocrx_word' id='word_1_74' title='bbox 454 1964 583 2009; x_wconf 87' lang='lat' dir='ltr'><strong>mensas</strong></span> <span class='ocrx_word' id='word_1_75' title='bbox 600 1935 741 2010; x_wconf 89' lang='lat' dir='ltr'><strong>clamore</strong></span> <span class='ocrx_word' id='word_1_76' title='bbox 755 1939 907 2038; x_wconf 88' lang='lat' dir='ltr'><strong>repellit,</strong></span> 
     </span>
    </p>
   </div>
   <div class='ocr_carea' id='block_1_3' title="bbox 136 2056 889 2156">
    <p class='ocr_par' dir='ltr' id='par_1_7' title="bbox 136 2056 889 2156">
     <span class='ocr_line' id='line_1_12' title="bbox 136 2056 889 2156; baseline 0.009 -28"><span class='ocrx_word' id='word_1_77' title='bbox 136 2057 438 2156; x_wconf 85' lang='lat' dir='ltr'><strong>Vipereasqueciet</strong></span> <span class='ocrx_word' id='word_1_78' title='bbox 454 2057 568 2156; x_wconf 86' lang='lat' dir='ltr'><strong>Stygia</strong></span> <span class='ocrx_word' id='word_1_79' title='bbox 584 2057 624 2131; x_wconf 90' lang='lat' dir='ltr'><strong>de</strong></span> <span class='ocrx_word' id='word_1_80' title='bbox 638 2056 723 2131; x_wconf 87' lang='lat' dir='ltr'><strong>valle</strong></span> <span class='ocrx_word' id='word_1_81' title='bbox 737 2086 889 2135; x_wconf 87' lang='lat' dir='ltr'><strong>sorores:</strong></span> 
     </span>
    </p>
   </div>
   <div class='ocr_carea' id='block_1_4' title="bbox 135 2180 924 2282">
    <p class='ocr_par' dir='ltr' id='par_1_8' title="bbox 135 2180 924 2282">
     <span class='ocr_line' id='line_1_13' title="bbox 135 2180 924 2282; baseline 0.008 -29"><span class='ocrx_word' id='word_1_82' title='bbox 135 2183 181 2253; x_wconf 87' lang='lat' dir='ltr'><strong>Et</strong></span> <span class='ocrx_word' id='word_1_83' title='bbox 196 2180 316 2267; x_wconf 91' lang='lat' dir='ltr'><strong>modo,</strong></span> <span class='ocrx_word' id='word_1_84' title='bbox 336 2181 364 2253; x_wconf 92' lang='lat' dir='ltr'><strong>si</strong></span> <span class='ocrx_word' id='word_1_85' title='bbox 381 2181 507 2281; x_wconf 84' lang='lat' dir='ltr'><strong>possit,</strong></span> <span class='ocrx_word' id='word_1_86' title='bbox 526 2199 669 2254; x_wconf 88' lang='lat' dir='ltr'><strong>reserato</strong></span> <span class='ocrx_word' id='word_1_87' title='bbox 686 2200 818 2282; x_wconf 92' lang='lat' dir='ltr'><strong>pectore</strong></span> <span class='ocrx_word' id='word_1_88' title='bbox 837 2184 924 2259; x_wconf 87' lang='lat' dir='ltr'><strong>diras</strong></span> 
     </span>
    </p>
   </div>
   <div class='ocr_carea' id='block_1_5' title="bbox 136 2302 1194 2645">
    <p class='ocr_par' dir='ltr' id='par_1_9' title="bbox 136 2302 1194 2645">
     <span class='ocr_line' id='line_1_14' title="bbox 136 2302 1002 2405; baseline 0.009 -30"><span class='ocrx_word' id='word_1_89' title='bbox 136 2306 276 2398; x_wconf 89' lang='lat' dir='ltr'><strong>Egerere</strong></span> <span class='ocrx_word' id='word_1_90' title='bbox 293 2303 368 2376; x_wconf 87' lang='lat' dir='ltr'><strong>inde</strong></span> <span class='ocrx_word' id='word_1_91' title='bbox 386 2302 502 2403; x_wconf 89' lang='lat' dir='ltr'><strong>dapes,</strong></span> <span class='ocrx_word' id='word_1_92' title='bbox 518 2303 728 2405; x_wconf 86' lang='lat' dir='ltr'><strong>demersaque</strong></span> <span class='ocrx_word' id='word_1_93' title='bbox 746 2307 867 2380; x_wconf 88' lang='lat' dir='ltr'><strong>viscera</strong></span> <span class='ocrx_word' id='word_1_94' title='bbox 884 2310 1002 2402; x_wconf 85' lang='lat' dir='ltr'><strong>gestit:</strong></span> 
     </span>
     <span class='ocr_line' id='line_1_15' title="bbox 136 2423 1194 2524; baseline 0.013 -27"><span class='ocrx_word' id='word_1_95' title='bbox 136 2423 210 2498; x_wconf 88' lang='lat' dir='ltr'><strong>Flet</strong></span> <span class='ocrx_word' id='word_1_96' title='bbox 225 2424 345 2511; x_wconf 91' lang='lat' dir='ltr'><strong>modo,</strong></span> <span class='ocrx_word' id='word_1_97' title='bbox 363 2452 463 2524; x_wconf 89' lang='lat' dir='ltr'><strong>seque</strong></span> <span class='ocrx_word' id='word_1_98' title='bbox 479 2442 575 2498; x_wconf 88' lang='lat' dir='ltr'><strong>vocat</strong></span> <span class='ocrx_word' id='word_1_99' title='bbox 591 2426 728 2500; x_wconf 88' lang='lat' dir='ltr'><strong>bustum</strong></span> <span class='ocrx_word' id='word_1_100' title='bbox 744 2429 929 2503; x_wconf 88' lang='lat' dir='ltr'><strong>miserabile</strong></span> <span class='ocrx_word' id='word_1_101' title='bbox 947 2433 1038 2505; x_wconf 88' lang='lat' dir='ltr'><strong>nati:</strong></span> <span class='ocrx_word' id='word_1_102' title='bbox 1143 2458 1194 2511; x_wconf 81' lang='grc'><strong>665</strong></span> 
     </span>
     <span class='ocr_line' id='line_1_16' title="bbox 136 2545 946 2645; baseline 0.004 -25"><span class='ocrx_word' id='word_1_103' title='bbox 136 2548 232 2620; x_wconf 87' lang='lat' dir='ltr'><strong>Nunc</strong></span> <span class='ocrx_word' id='word_1_104' title='bbox 250 2545 399 2645; x_wconf 88' lang='lat' dir='ltr'><strong>sequitur</strong></span> <span class='ocrx_word' id='word_1_105' title='bbox 413 2545 503 2617; x_wconf 91' lang='lat' dir='ltr'><strong>nudo</strong></span> <span class='ocrx_word' id='word_1_106' title='bbox 521 2547 645 2640; x_wconf 82' lang='lat' dir='ltr'><strong>genitas</strong></span> <span class='ocrx_word' id='word_1_107' title='bbox 662 2548 833 2621; x_wconf 89' lang='lat' dir='ltr'><strong>Pandione</strong></span> <span class='ocrx_word' id='word_1_108' title='bbox 849 2549 946 2623; x_wconf 87' lang='lat' dir='ltr'><strong>serro.</strong></span> 
     </span>
    </p>
   </div>
   <div class='ocr_carea' id='block_1_6' title="bbox 129 2760 1198 4544">
    <p class='ocr_par' dir='ltr' id='par_1_10' title="bbox 134 2760 1193 3068">
     <span class='ocr_line' id='line_1_17' title="bbox 135 2760 1193 2834; baseline 0.009 -19"><span class='ocrx_word' id='word_1_109' title='bbox 135 2781 193 2815; x_wconf 86' lang='lat' dir='ltr'><strong>cera</strong></span> <span class='ocrx_word' id='word_1_110' title='bbox 202 2781 250 2814; x_wconf 82' lang='lat' dir='ltr'><strong>sna</strong></span> <span class='ocrx_word' id='word_1_111' title='bbox 260 2764 396 2813; x_wconf 71' lang='lat' dir='ltr'><strong>visceribus</strong></span> <span class='ocrx_word' id='word_1_112' title='bbox 406 2765 460 2812; x_wconf 83' lang='lat' dir='ltr'><strong>suis</strong></span> <span class='ocrx_word' id='word_1_113' title='bbox 470 2764 559 2822; x_wconf 78' lang='lat' dir='ltr'><strong>aleret,</strong></span> <span class='ocrx_word' id='word_1_114' title='bbox 573 2760 640 2827; x_wconf 78' lang='lat' dir='ltr'><strong>inse-</strong></span> <span class='ocrx_word' id='word_1_115' title='bbox 686 2782 828 2833; x_wconf 69' lang='lat' dir='ltr'><strong>mersaque,</strong></span> <span class='ocrx_word' id='word_1_116' title='bbox 838 2765 930 2818; x_wconf 84' lang='lat' dir='ltr'><strong>tertius</strong></span> <span class='ocrx_word' id='word_1_117' title='bbox 942 2767 1092 2834; x_wconf 88' lang='lat' dir='ltr'><strong>Mediceus,</strong></span> <span class='ocrx_word' id='word_1_118' title='bbox 1104 2770 1193 2826; x_wconf 82' lang='lat' dir='ltr'><strong>Jureti</strong></span> 
     </span>
     <span class='ocr_line' id='line_1_18' title="bbox 134 2841 1193 2916; baseline 0.009 -25"><span class='ocrx_word' id='word_1_119' title='bbox 134 2843 198 2893; x_wconf 89' lang='lat' dir='ltr'><strong>lices</strong></span> <span class='ocrx_word' id='word_1_120' title='bbox 210 2843 357 2892; x_wconf 80' lang='lat' dir='ltr'><strong>cadarerunr</strong></span> <span class='ocrx_word' id='word_1_121' title='bbox 366 2842 485 2905; x_wconf 75' lang='lat' dir='ltr'><strong>reliquias</strong></span> <span class='ocrx_word' id='word_1_122' title='bbox 492 2841 640 2891; x_wconf 73' lang='lat' dir='ltr'><strong>ete—Ver·</strong></span> <span class='ocrx_word' id='word_1_123' title='bbox 687 2851 805 2908; x_wconf 81' lang='lat' dir='ltr'><strong>excerpta</strong></span> <span class='ocrx_word' id='word_1_124' title='bbox 812 2852 838 2894; x_wconf 86' lang='lat' dir='ltr'><strong>et</strong></span> <span class='ocrx_word' id='word_1_125' title='bbox 847 2853 959 2909; x_wconf 87' lang='lat' dir='ltr'><strong>quatuor</strong></span> <span class='ocrx_word' id='word_1_126' title='bbox 966 2844 1006 2897; x_wconf 83' lang='lat' dir='ltr'><strong>alii</strong></span> <span class='ocrx_word' id='word_1_127' title='bbox 1017 2884 1024 2910; x_wconf 94' lang='lat'><strong>,</strong></span> <span class='ocrx_word' id='word_1_128' title='bbox 1036 2864 1193 2916; x_wconf 78' lang='lat' dir='ltr'><strong>semesaque,</strong></span> 
     </span>
     <span class='ocr_line' id='line_1_19' title="bbox 135 2917 1193 2987; baseline 0.007 -15"><span class='ocrx_word' id='word_1_129' title='bbox 135 2920 170 2972; x_wconf 84' lang='lat' dir='ltr'><strong>bo</strong></span> <span class='ocrx_word' id='word_1_130' title='bbox 179 2938 306 2986; x_wconf 77' lang='lat' dir='ltr'><strong>congerere</strong></span> <span class='ocrx_word' id='word_1_131' title='bbox 315 2934 375 2969; x_wconf 82' lang='lat' dir='ltr'><strong>mox</strong></span> <span class='ocrx_word' id='word_1_132' title='bbox 387 2917 528 2984; x_wconf 86' lang='lat' dir='ltr'><strong>opponitur</strong></span> <span class='ocrx_word' id='word_1_133' title='bbox 538 2936 638 2984; x_wconf 76' lang='lat' dir='ltr'><strong>egerere.</strong></span> <span class='ocrx_word' id='word_1_134' title='bbox 687 2918 757 2986; x_wconf 89' lang='lat' dir='ltr'><strong>qnod</strong></span> <span class='ocrx_word' id='word_1_135' title='bbox 771 2920 882 2971; x_wconf 83' lang='lat' dir='ltr'><strong>Heinsio</strong></span> <span class='ocrx_word' id='word_1_136' title='bbox 892 2920 1193 2987; x_wconf 71' lang='lat' dir='ltr'><strong>probabatur-Codex</strong></span> 
     </span>
     <span class='ocr_line' id='line_1_20' title="bbox 136 2995 1192 3068; baseline 0.007 -19"><span class='ocrx_word' id='word_1_137' title='bbox 136 3000 244 3058; x_wconf 78' lang='lat' dir='ltr'><strong>-Nox,</strong></span> <span class='ocrx_word' id='word_1_138' title='bbox 262 2997 377 3061; x_wconf 77' lang='lat' dir='ltr'><strong>caecitas,</strong></span> <span class='ocrx_word' id='word_1_139' title='bbox 391 2996 546 3065; x_wconf 86' lang='lat' dir='ltr'><strong>ignorantia.</strong></span> <span class='ocrx_word' id='word_1_140' title='bbox 688 2995 785 3063; x_wconf 86' lang='lat' dir='ltr'><strong>Regius</strong></span> <span class='ocrx_word' id='word_1_141' title='bbox 798 2995 840 3061; x_wconf 85' lang='lat' dir='ltr'><strong>A,</strong></span> <span class='ocrx_word' id='word_1_142' title='bbox 852 3002 1029 3065; x_wconf 64' lang='lat' dir='ltr'><strong>inmersaque,</strong></span> <span class='ocrx_word' id='word_1_143' title='bbox 1046 2998 1137 3054; x_wconf 78' lang='lat' dir='ltr'><strong>Codex</strong></span> <span class='ocrx_word' id='word_1_144' title='bbox 1152 3003 1192 3068; x_wconf 88' lang='lat' dir='ltr'><strong>B,</strong></span> 
     </span>
    </p>

    <p class='ocr_par' dir='ltr' id='par_1_11' title="bbox 129 3072 1194 3453">
     <span class='ocr_line' id='line_1_21' title="bbox 168 3072 1194 3144; baseline 0.005 -17"><span class='ocrx_word' id='word_1_145' title='bbox 168 3075 224 3144; x_wconf 67' lang='lat'>657.</span> <span class='ocrx_word' id='word_1_146' title='bbox 240 3077 318 3126; x_wconf 83' lang='lat' dir='ltr'><strong>Cede.</strong></span> <span class='ocrx_word' id='word_1_147' title='bbox 328 3075 405 3127; x_wconf 88' lang='lat' dir='ltr'><strong>Unus</strong></span> <span class='ocrx_word' id='word_1_148' title='bbox 412 3092 477 3125; x_wconf 80' lang='lat' dir='ltr'><strong>more</strong></span> <span class='ocrx_word' id='word_1_149' title='bbox 484 3072 555 3141; x_wconf 87' lang='lat' dir='ltr'><strong>quod</strong></span> <span class='ocrx_word' id='word_1_150' title='bbox 565 3072 639 3126; x_wconf 84' lang='lat' dir='ltr'><strong>valde</strong></span> <span class='ocrx_word' id='word_1_151' title='bbox 687 3090 829 3140; x_wconf 75' lang='lat' dir='ltr'><strong>mersaque</strong></span> <span class='ocrx_word' id='word_1_152' title='bbox 838 3092 846 3124; x_wconf 89' lang='lat'><em>:</em></span> <span class='ocrx_word' id='word_1_153' title='bbox 856 3084 960 3141; x_wconf 72' lang='lat' dir='ltr'><strong>prestat</strong></span> <span class='ocrx_word' id='word_1_154' title='bbox 971 3075 1046 3128; x_wconf 87' lang='lat' dir='ltr'><strong>lectio</strong></span> <span class='ocrx_word' id='word_1_155' title='bbox 1059 3077 1194 3132; x_wconf 81' lang='lat' dir='ltr'><strong>Burman-</strong></span> 
     </span>
     <span class='ocr_line' id='line_1_22' title="bbox 136 3149 1194 3221; baseline 0.008 -19"><span class='ocrx_word' id='word_1_156' title='bbox 136 3151 252 3221; x_wconf 87' lang='lat' dir='ltr'><strong>placebat</strong></span> <span class='ocrx_word' id='word_1_157' title='bbox 260 3149 641 3213; x_wconf 77' lang='lat' dir='ltr'><strong>Ciosau03Gruterusmalebat</strong></span> <span class='ocrx_word' id='word_1_158' title='bbox 687 3150 724 3203; x_wconf 82' lang='lat' dir='ltr'><strong>ui.</strong></span> <span class='ocrx_word' id='word_1_159' title='bbox 734 3152 783 3202; x_wconf 84' lang='lat' dir='ltr'><strong>Ed.</strong></span> <span class='ocrx_word' id='word_1_160' title='bbox 795 3176 828 3190; x_wconf 87' lang='lat'>-</span> <span class='ocrx_word' id='word_1_161' title='bbox 837 3152 958 3217; x_wconf 70' lang='lat' dir='ltr'><strong>Deme-egi</strong></span> <span class='ocrx_word' id='word_1_162' title='bbox 972 3152 1065 3220; x_wconf 81' lang='lat' dir='ltr'><strong>passim</strong></span> <span class='ocrx_word' id='word_1_163' title='bbox 1080 3155 1112 3208; x_wconf 87' lang='lat' dir='ltr'><strong>de</strong></span> <span class='ocrx_word' id='word_1_164' title='bbox 1132 3158 1194 3211; x_wconf 90' lang='lat' dir='ltr'><strong>cibis</strong></span> 
     </span>
     <span class='ocr_line' id='line_1_23' title="bbox 129 3223 1194 3302; baseline 0.002 -20"><span class='ocrx_word' id='word_1_165' title='bbox 129 3230 251 3298; x_wconf 83' lang='lat' dir='ltr'><strong>surialie</strong></span> <span class='ocrx_word' id='word_1_166' title='bbox 268 3231 332 3280; x_wconf 84' lang='lat' dir='ltr'><strong>sede.</strong></span> <span class='ocrx_word' id='word_1_167' title='bbox 352 3229 427 3296; x_wconf 86' lang='lat' dir='ltr'><strong>Regii</strong></span> <span class='ocrx_word' id='word_1_168' title='bbox 446 3231 526 3281; x_wconf 88' lang='lat' dir='ltr'><strong>nostri</strong></span> <span class='ocrx_word' id='word_1_169' title='bbox 543 3229 641 3282; x_wconf 84' lang='lat' dir='ltr'><strong>habent</strong></span> <span class='ocrx_word' id='word_1_170' title='bbox 688 3223 831 3292; x_wconf 82' lang='lat' dir='ltr'><strong>devoratis,</strong></span> <span class='ocrx_word' id='word_1_171' title='bbox 842 3236 871 3278; x_wconf 88' lang='lat' dir='ltr'><strong>ut</strong></span> <span class='ocrx_word' id='word_1_172' title='bbox 881 3226 943 3293; x_wconf 85' lang='lat' dir='ltr'><strong>XV,</strong></span> <span class='ocrx_word' id='word_1_173' title='bbox 954 3231 1016 3292; x_wconf 81' lang='lat'><strong>105;</strong></span> <span class='ocrx_word' id='word_1_174' title='bbox 1030 3229 1091 3283; x_wconf 84' lang='lat' dir='ltr'><strong>ibid.</strong></span> <span class='ocrx_word' id='word_1_175' title='bbox 1104 3233 1194 3302; x_wconf 81' lang='lat'><strong>387.-</strong></span> 
     </span>
     <span class='ocr_line' id='line_1_24' title="bbox 137 3305 1192 3378; baseline 0.007 -20"><span class='ocrx_word' id='word_1_176' title='bbox 137 3309 211 3365; x_wconf 77' lang='lat' dir='ltr'><strong>caede.</strong></span> <span class='ocrx_word' id='word_1_177' title='bbox 223 3333 256 3344; x_wconf 98' lang='lat'><em>-</em></span> <span class='ocrx_word' id='word_1_178' title='bbox 267 3308 366 3356; x_wconf 75' lang='lat' dir='ltr'><strong>Meritis</strong></span> <span class='ocrx_word' id='word_1_179' title='bbox 375 3309 464 3366; x_wconf 78' lang='lat' dir='ltr'><strong>dictis,</strong></span> <span class='ocrx_word' id='word_1_180' title='bbox 480 3307 641 3359; x_wconf 83' lang='lat' dir='ltr'><strong>convenien·</strong></span> <span class='ocrx_word' id='word_1_181' title='bbox 689 3305 812 3367; x_wconf 75' lang='lat' dir='ltr'><strong>Bassiani,⁸</strong></span> <span class='ocrx_word' id='word_1_182' title='bbox 824 3309 914 3372; x_wconf 69' lang='grc' dir='ltr'><strong><em>τύμθον.</em></strong></span> <span class='ocrx_word' id='word_1_183' title='bbox 927 3305 1078 3376; x_wconf 78' lang='lat' dir='ltr'><strong>Longinus,</strong></span> <span class='ocrx_word' id='word_1_184' title='bbox 1089 3311 1130 3363; x_wconf 65' lang='grc' dir='ltr'>Η</span> <span class='ocrx_word' id='word_1_185' title='bbox 1140 3351 1147 3378; x_wconf 89' lang='lat'><strong>,</strong></span> <span class='ocrx_word' id='word_1_186' title='bbox 1157 3313 1192 3364; x_wconf 81' lang='lat' dir='ltr'><strong>vi·</strong></span> 
     </span>
     <span class='ocr_line' id='line_1_25' title="bbox 139 3380 1194 3453; baseline 0.008 -18"><span class='ocrx_word' id='word_1_187' title='bbox 139 3384 208 3436; x_wconf 86' lang='lat' dir='ltr'><strong>tibus</strong></span> <span class='ocrx_word' id='word_1_188' title='bbox 220 3381 312 3432; x_wconf 80' lang='lat' dir='ltr'><strong>verbis.</strong></span> <span class='ocrx_word' id='word_1_189' title='bbox 324 3383 373 3434; x_wconf 86' lang='lat' dir='ltr'><strong>Ed.</strong></span> <span class='ocrx_word' id='word_1_190' title='bbox 689 3380 922 3450; x_wconf 85' lang='lat' dir='ltr'><strong>tuperatGorgiam</strong></span> <span class='ocrx_word' id='word_1_191' title='bbox 928 3382 1021 3438; x_wconf 84' lang='lat' dir='ltr'><strong>Leont.</strong></span> <span class='ocrx_word' id='word_1_192' title='bbox 1028 3386 1072 3453; x_wconf 87' lang='lat' dir='ltr'><strong>qui</strong></span> <span class='ocrx_word' id='word_1_193' title='bbox 1078 3389 1194 3444; x_wconf 84' lang='lat' dir='ltr'><strong>vultures</strong></span> 
     </span>
    </p>

    <p class='ocr_par' dir='ltr' id='par_1_12' title="bbox 137 3454 1198 4544">
     <span class='ocr_line' id='line_1_26' title="bbox 172 3454 1193 3532; baseline 0.007 -21"><span class='ocrx_word' id='word_1_194' title='bbox 172 3459 229 3511; x_wconf 73' lang='grc' dir='ltr'><strong>ὅθι.</strong></span> <span class='ocrx_word' id='word_1_195' title='bbox 242 3460 358 3523; x_wconf 81' lang='lat' dir='ltr'><strong>Repellii.</strong></span> <span class='ocrx_word' id='word_1_196' title='bbox 371 3456 461 3510; x_wconf 76' lang='lat' dir='ltr'><strong>Codex</strong></span> <span class='ocrx_word' id='word_1_197' title='bbox 474 3459 570 3527; x_wconf 85' lang='lat' dir='ltr'><strong>Regius</strong></span> <span class='ocrx_word' id='word_1_198' title='bbox 579 3459 614 3518; x_wconf 88' lang='lat' dir='ltr'><strong>B,</strong></span> <span class='ocrx_word' id='word_1_199' title='bbox 627 3477 642 3509; x_wconf 80' lang='lat' dir='ltr'><strong>a</strong></span> <span class='ocrx_word' id='word_1_200' title='bbox 689 3454 788 3509; x_wconf 82' lang='lat' dir='ltr'><strong>dixerat</strong></span> <span class='ocrx_word' id='word_1_201' title='bbox 798 3478 851 3511; x_wconf 69' lang='lat' dir='ltr'><strong>ease</strong></span> <span class='ocrx_word' id='word_1_202' title='bbox 859 3462 974 3526; x_wconf 77' lang='lat' dir='ltr'><strong>sepulcra</strong></span> <span class='ocrx_word' id='word_1_203' title='bbox 983 3466 1053 3523; x_wconf 62' lang='lat' dir='ltr'><strong>urea,</strong></span> <span class='ocrx_word' id='word_1_204' title='bbox 1066 3481 1145 3532; x_wconf 86' lang='lat' dir='ltr'><strong>quarn</strong></span> <span class='ocrx_word' id='word_1_205' title='bbox 1155 3485 1193 3519; x_wconf 73' lang='lat' dir='ltr'><strong>re</strong></span> 
     </span>
     <span class='ocr_line' id='line_1_27' title="bbox 139 3535 1195 3609; baseline 0.009 -19"><span class='ocrx_word' id='word_1_206' title='bbox 139 3537 225 3609; x_wconf 86' lang='lat' dir='ltr'><strong>prima</strong></span> <span class='ocrx_word' id='word_1_207' title='bbox 242 3553 339 3600; x_wconf 80' lang='lat' dir='ltr'><strong>manu,</strong></span> <span class='ocrx_word' id='word_1_208' title='bbox 357 3540 464 3602; x_wconf 79' lang='lat' dir='ltr'><strong>replerit.</strong></span> <span class='ocrx_word' id='word_1_209' title='bbox 476 3561 509 3575; x_wconf 90' lang='lat'><strong>·-·</strong></span> <span class='ocrx_word' id='word_1_210' title='bbox 525 3538 642 3599; x_wconf 72' lang='lat' dir='ltr'><strong>Vipereos</strong></span> <span class='ocrx_word' id='word_1_211' title='bbox 688 3535 890 3601; x_wconf 85' lang='lat' dir='ltr'><strong>prehensionem</strong></span> <span class='ocrx_word' id='word_1_212' title='bbox 902 3539 982 3592; x_wconf 87' lang='lat' dir='ltr'><strong>etiam</strong></span> <span class='ocrx_word' id='word_1_213' title='bbox 993 3541 1020 3592; x_wconf 92' lang='lat' dir='ltr'><strong>in</strong></span> <span class='ocrx_word' id='word_1_214' title='bbox 1033 3540 1083 3595; x_wconf 91' lang='lat' dir='ltr'><strong>hoc</strong></span> <span class='ocrx_word' id='word_1_215' title='bbox 1097 3549 1195 3598; x_wconf 78' lang='lat' dir='ltr'><strong>busim</strong></span> 
     </span>
     <span class='ocr_line' id='line_1_28' title="bbox 137 3611 1194 3684; baseline 0.002 -12"><span class='ocrx_word' id='word_1_216' title='bbox 137 3616 281 3684; x_wconf 88' lang='lat' dir='ltr'><strong>sorores,id</strong></span> <span class='ocrx_word' id='word_1_217' title='bbox 290 3615 453 3682; x_wconf 83' lang='lat' dir='ltr'><strong>cst,Furias,</strong></span> <span class='ocrx_word' id='word_1_218' title='bbox 461 3614 582 3665; x_wconf 85' lang='lat' dir='ltr'><strong>audacter</strong></span> <span class='ocrx_word' id='word_1_219' title='bbox 592 3613 642 3668; x_wconf 87' lang='lat' dir='ltr'><strong>dic·</strong></span> <span class='ocrx_word' id='word_1_220' title='bbox 688 3611 1194 3675; x_wconf 66' lang='lat' dir='ltr'><strong>miserarrecadereTolliusest’earcius</strong></span> 
     </span>
     <span class='ocr_line' id='line_1_29' title="bbox 139 3686 1193 3764; baseline 0.003 -15"><span class='ocrx_word' id='word_1_221' title='bbox 139 3706 196 3750; x_wconf 86' lang='lat' dir='ltr'><strong>tum</strong></span> <span class='ocrx_word' id='word_1_222' title='bbox 204 3736 211 3761; x_wconf 92' lang='lat'><strong>,</strong></span> <span class='ocrx_word' id='word_1_223' title='bbox 219 3712 331 3764; x_wconf 88' lang='lat' dir='ltr'><strong>quarum</strong></span> <span class='ocrx_word' id='word_1_224' title='bbox 339 3692 420 3746; x_wconf 89' lang='lat' dir='ltr'><strong>comis</strong></span> <span class='ocrx_word' id='word_1_225' title='bbox 430 3691 640 3759; x_wconf 66' lang='lat' dir='ltr'><strong>vipereintextoe,</strong></span> <span class='ocrx_word' id='word_1_226' title='bbox 690 3686 720 3740; x_wconf 85' lang='lat' dir='ltr'><strong>ad</strong></span> <span class='ocrx_word' id='word_1_227' title='bbox 733 3688 807 3740; x_wconf 89' lang='lat' dir='ltr'><strong>illurn</strong></span> <span class='ocrx_word' id='word_1_228' title='bbox 816 3689 928 3758; x_wconf 80' lang='lat' dir='ltr'><strong>Longini</strong></span> <span class='ocrx_word' id='word_1_229' title='bbox 937 3691 1024 3746; x_wconf 90' lang='lat' dir='ltr'><strong>locum</strong></span> <span class='ocrx_word' id='word_1_230' title='bbox 1035 3696 1193 3751; x_wconf 79' lang='lat' dir='ltr'><strong>existiment.</strong></span> 
     </span>
     <span class='ocr_line' id='line_1_30' title="bbox 138 3765 1194 3836; baseline 0.001 -10"><span class='ocrx_word' id='word_1_231' title='bbox 138 3777 279 3833; x_wconf 81' lang='lat' dir='ltr'><strong>-Peclns,</strong></span> <span class='ocrx_word' id='word_1_232' title='bbox 291 3769 449 3824; x_wconf 83' lang='lat' dir='ltr'><strong>ventriculus</strong></span> <span class='ocrx_word' id='word_1_233' title='bbox 457 3791 463 3832; x_wconf 78' lang='lat'><em>3</em></span> <span class='ocrx_word' id='word_1_234' title='bbox 471 3776 642 3835; x_wconf 75' lang='lat' dir='ltr'><strong>reseratopec-</strong></span> <span class='ocrx_word' id='word_1_235' title='bbox 691 3766 793 3817; x_wconf 77' lang='lat' dir='ltr'><strong>Verum</strong></span> <span class='ocrx_word' id='word_1_236' title='bbox 804 3765 937 3836; x_wconf 77' lang='lat' dir='ltr'><strong>Longinus</strong></span> <span class='ocrx_word' id='word_1_237' title='bbox 949 3787 1004 3822; x_wconf 89' lang='lat' dir='ltr'><strong>non</strong></span> <span class='ocrx_word' id='word_1_238' title='bbox 1017 3771 1066 3826; x_wconf 88' lang='lat' dir='ltr'><strong>nisi</strong></span> <span class='ocrx_word' id='word_1_239' title='bbox 1079 3779 1137 3827; x_wconf 79' lang='lat' dir='ltr'><strong>vira</strong></span> <span class='ocrx_word' id='word_1_240' title='bbox 1146 3794 1194 3827; x_wconf 86' lang='lat' dir='ltr'><strong>se-</strong></span> 
     </span>
     <span class='ocr_line' id='line_1_31' title="bbox 138 3843 1194 3921; baseline 0.001 -18"><span class='ocrx_word' id='word_1_241' title='bbox 138 3860 300 3917; x_wconf 66' lang='lat' dir='ltr'><strong>magarete,</strong></span> <span class='ocrx_word' id='word_1_242' title='bbox 311 3848 421 3912; x_wconf 88' lang='lat' dir='ltr'><strong>nilnisi,</strong></span> <span class='ocrx_word' id='word_1_243' title='bbox 434 3865 563 3899; x_wconf 80' lang='lat' dir='ltr'><strong>evomere.</strong></span> <span class='ocrx_word' id='word_1_244' title='bbox 571 3845 643 3899; x_wconf 89' lang='lat' dir='ltr'><strong>Gro-</strong></span> <span class='ocrx_word' id='word_1_245' title='bbox 684 3843 922 3913; x_wconf 79' lang='lat' dir='ltr'><strong>pulcravituperat,</strong></span> <span class='ocrx_word' id='word_1_246' title='bbox 931 3847 991 3913; x_wconf 84' lang='lat' dir='ltr'><strong>quia</strong></span> <span class='ocrx_word' id='word_1_247' title='bbox 998 3849 1070 3901; x_wconf 81' lang='lat' dir='ltr'><strong>nulla</strong></span> <span class='ocrx_word' id='word_1_248' title='bbox 1077 3851 1194 3921; x_wconf 77' lang='lat' dir='ltr'><strong>sepulcra</strong></span> 
     </span>
     <span class='ocr_line' id='line_1_32' title="bbox 137 3919 1192 3998; baseline -0.005 -14"><span class='ocrx_word' id='word_1_249' title='bbox 137 3931 265 3985; x_wconf 77' lang='lat' dir='ltr'><strong>novianus</strong></span> <span class='ocrx_word' id='word_1_250' title='bbox 272 3930 379 3998; x_wconf 84' lang='lat' dir='ltr'><strong>quidem</strong></span> <span class='ocrx_word' id='word_1_251' title='bbox 387 3929 640 3996; x_wconf 80' lang='lat' dir='ltr'><strong>habet,proegerere,</strong></span> <span class='ocrx_word' id='word_1_252' title='bbox 689 3924 746 3970; x_wconf 75' lang='lat' dir='ltr'><strong>vira</strong></span> <span class='ocrx_word' id='word_1_253' title='bbox 757 3930 819 3972; x_wconf 84' lang='lat' dir='ltr'><strong>sunt</strong></span> <span class='ocrx_word' id='word_1_254' title='bbox 831 3940 836 3972; x_wconf 92' lang='lat'>:</span> <span class='ocrx_word' id='word_1_255' title='bbox 848 3919 906 3973; x_wconf 85' lang='lat' dir='ltr'><strong>ride</strong></span> <span class='ocrx_word' id='word_1_256' title='bbox 920 3921 1025 3976; x_wconf 85' lang='lat' dir='ltr'><strong>Ernesti</strong></span> <span class='ocrx_word' id='word_1_257' title='bbox 1039 3925 1100 3978; x_wconf 78' lang='lat' dir='ltr'><strong>luit</strong></span> <span class='ocrx_word' id='word_1_258' title='bbox 1112 3926 1192 3981; x_wconf 84' lang='lat' dir='ltr'><strong>Rhe-</strong></span> 
     </span>
     <span class='ocr_line' id='line_1_33' title="bbox 137 3997 1195 4076; baseline -0.002 -16"><span class='ocrx_word' id='word_1_259' title='bbox 137 4014 241 4074; x_wconf 72' lang='lat' dir='ltr'><strong>esr’gere.</strong></span> <span class='ocrx_word' id='word_1_260' title='bbox 248 4007 395 4076; x_wconf 77' lang='lat' dir='ltr'><strong>quodoeque</strong></span> <span class='ocrx_word' id='word_1_261' title='bbox 405 4005 507 4073; x_wconf 80' lang='lat' dir='ltr'><strong>elegans</strong></span> <span class='ocrx_word' id='word_1_262' title='bbox 514 4005 642 4057; x_wconf 83' lang='lat' dir='ltr'><strong>Burman·</strong></span> <span class='ocrx_word' id='word_1_263' title='bbox 690 4007 739 4049; x_wconf 78' lang='lat' dir='ltr'><strong>tor·</strong></span> <span class='ocrx_word' id='word_1_264' title='bbox 752 3997 773 4065; x_wconf 78' lang='lat' dir='ltr'>S</span> <span class='ocrx_word' id='word_1_265' title='bbox 781 3997 838 4068; x_wconf 78' lang='lat'><strong>319·</strong></span> <span class='ocrx_word' id='word_1_266' title='bbox 848 3999 879 4051; x_wconf 89' lang='lat' dir='ltr'><strong>ln</strong></span> <span class='ocrx_word' id='word_1_267' title='bbox 889 3998 994 4070; x_wconf 73' lang='lat' dir='ltr'><strong>Gurgite</strong></span> <span class='ocrx_word' id='word_1_268' title='bbox 1003 4002 1096 4056; x_wconf 81' lang='lat' dir='ltr'><strong>vitium</strong></span> <span class='ocrx_word' id='word_1_269' title='bbox 1103 4004 1195 4058; x_wconf 89' lang='lat' dir='ltr'><strong>incidit</strong></span> 
     </span>
     <span class='ocr_line' id='line_1_34' title="bbox 138 4075 1193 4151; baseline -0.007 -14"><span class='ocrx_word' id='word_1_270' title='bbox 138 4104 188 4137; x_wconf 88' lang='lat' dir='ltr'><strong>uus</strong></span> <span class='ocrx_word' id='word_1_271' title='bbox 199 4082 311 4151; x_wconf 58' lang='lat' dir='ltr'><strong>indicam</strong></span> <span class='ocrx_word' id='word_1_272' title='bbox 325 4096 351 4137; x_wconf 86' lang='lat' dir='ltr'><strong>at</strong></span> <span class='ocrx_word' id='word_1_273' title='bbox 364 4083 474 4136; x_wconf 87' lang='lat' dir='ltr'><strong>Codices</strong></span> <span class='ocrx_word' id='word_1_274' title='bbox 485 4083 567 4134; x_wconf 87' lang='lat' dir='ltr'><strong>nostri</strong></span> <span class='ocrx_word' id='word_1_275' title='bbox 579 4080 642 4134; x_wconf 85' lang='lat' dir='ltr'><strong>dant</strong></span> <span class='ocrx_word' id='word_1_276' title='bbox 690 4075 840 4142; x_wconf 76' lang='lat' dir='ltr'><strong>Lucretius,</strong></span> <span class='ocrx_word' id='word_1_277' title='bbox 851 4078 885 4142; x_wconf 91' lang='lat' dir='ltr'><strong>V,</strong></span> <span class='ocrx_word' id='word_1_278' title='bbox 894 4097 940 4150; x_wconf 82' lang='lat'><strong>991</strong></span> <span class='ocrx_word' id='word_1_279' title='bbox 952 4097 958 4130; x_wconf 80' lang='grc' dir='ltr'><strong>ι</strong></span> <span class='ocrx_word' id='word_1_280' title='bbox 969 4083 1193 4135; x_wconf 68' lang='lat' dir='ltr'><strong>W&#39;vauideaesvivo</strong></span> 
     </span>
     <span class='ocr_line' id='line_1_35' title="bbox 137 4157 1192 4231; baseline 0 -17"><span class='ocrx_word' id='word_1_281' title='bbox 137 4180 232 4229; x_wconf 76' lang='lat' dir='ltr'><strong>egerere</strong></span> <span class='ocrx_word' id='word_1_282' title='bbox 243 4160 311 4228; x_wconf 89' lang='lat' dir='ltr'><strong>quod</strong></span> <span class='ocrx_word' id='word_1_283' title='bbox 325 4171 394 4213; x_wconf 87' lang='lat' dir='ltr'><strong>recte</strong></span> <span class='ocrx_word' id='word_1_284' title='bbox 408 4160 519 4213; x_wconf 84' lang='lat' dir='ltr'><strong>servavit</strong></span> <span class='ocrx_word' id='word_1_285' title='bbox 531 4157 571 4210; x_wconf 92' lang='lat' dir='ltr'><strong>Cl.</strong></span> <span class='ocrx_word' id='word_1_286' title='bbox 583 4160 642 4210; x_wconf 83' lang='lat' dir='ltr'><strong>Gie·</strong></span> <span class='ocrx_word' id='word_1_287' title='bbox 687 4159 788 4222; x_wconf 82' lang='lat' dir='ltr'><strong>sepeliri</strong></span> <span class='ocrx_word' id='word_1_288' title='bbox 792 4161 891 4209; x_wconf 87' lang='lat' dir='ltr'><strong>viscera</strong></span> <span class='ocrx_word' id='word_1_289' title='bbox 897 4161 976 4210; x_wconf 78' lang='lat' dir='ltr'><strong>buslo.</strong></span> <span class='ocrx_word' id='word_1_290' title='bbox 984 4159 1073 4212; x_wconf 87' lang='lat' dir='ltr'><strong>Etiam</strong></span> <span class='ocrx_word' id='word_1_291' title='bbox 1082 4160 1124 4212; x_wconf 81' lang='lat' dir='ltr'><strong>alii</strong></span> <span class='ocrx_word' id='word_1_292' title='bbox 1132 4181 1192 4231; x_wconf 89' lang='lat' dir='ltr'><strong>poe·</strong></span> 
     </span>
     <span class='ocr_line' id='line_1_36' title="bbox 138 4233 1192 4310; baseline 0.006 -22"><span class='ocrx_word' id='word_1_293' title='bbox 138 4233 642 4304; x_wconf 72' lang='lat' dir='ltr'><strong>rig.Ed.-Bemersaquepraetulitssnr·</strong></span> <span class='ocrx_word' id='word_1_294' title='bbox 690 4245 850 4288; x_wconf 80' lang='lat' dir='ltr'><strong>treventrem</strong></span> <span class='ocrx_word' id='word_1_295' title='bbox 859 4255 920 4289; x_wconf 90' lang='lat' dir='ltr'><strong>cum</strong></span> <span class='ocrx_word' id='word_1_296' title='bbox 930 4239 1048 4306; x_wconf 85' lang='lat' dir='ltr'><strong>sepulcro</strong></span> <span class='ocrx_word' id='word_1_297' title='bbox 1056 4259 1192 4310; x_wconf 84' lang='lat' dir='ltr'><strong>compara-</strong></span> 
     </span>
     <span class='ocr_line' id='line_1_37' title="bbox 139 4312 1192 4388; baseline 0 -20"><span class='ocrx_word' id='word_1_298' title='bbox 139 4332 252 4368; x_wconf 82' lang='lat' dir='ltr'><strong>mannus</strong></span> <span class='ocrx_word' id='word_1_299' title='bbox 270 4312 340 4380; x_wconf 92' lang='lat' dir='ltr'><strong>quod</strong></span> <span class='ocrx_word' id='word_1_300' title='bbox 353 4322 378 4364; x_wconf 88' lang='lat' dir='ltr'><strong>et</strong></span> <span class='ocrx_word' id='word_1_301' title='bbox 392 4312 475 4380; x_wconf 86' lang='lat' dir='ltr'><strong>Regio</strong></span> <span class='ocrx_word' id='word_1_302' title='bbox 496 4312 640 4379; x_wconf 78' lang='lat' dir='ltr'><strong>placuerat3</strong></span> <span class='ocrx_word' id='word_1_303' title='bbox 688 4322 760 4364; x_wconf 90' lang='lat' dir='ltr'><strong>runt.</strong></span> <span class='ocrx_word' id='word_1_304' title='bbox 778 4314 946 4366; x_wconf 86' lang='lat' dir='ltr'><strong>Burmannus</strong></span> <span class='ocrx_word' id='word_1_305' title='bbox 965 4314 1052 4368; x_wconf 88' lang='lat' dir='ltr'><strong>laudat</strong></span> <span class='ocrx_word' id='word_1_306' title='bbox 1063 4317 1192 4388; x_wconf 86' lang='lat' dir='ltr'><strong>Lycophr.</strong></span> 
     </span>
     <span class='ocr_line' id='line_1_38' title="bbox 140 4387 1192 4462; baseline 0.002 -18"><span class='ocrx_word' id='word_1_307' title='bbox 140 4410 202 4445; x_wconf 84' lang='lat' dir='ltr'><strong>nam</strong></span> <span class='ocrx_word' id='word_1_308' title='bbox 210 4390 312 4460; x_wconf 83' lang='lat' dir='ltr'><strong>vulgata</strong></span> <span class='ocrx_word' id='word_1_309' title='bbox 319 4394 484 4456; x_wconf 78' lang='lat' dir='ltr'><strong>immensaque</strong></span> <span class='ocrx_word' id='word_1_310' title='bbox 495 4389 582 4456; x_wconf 83' lang='lat' dir='ltr'><strong>inepta</strong></span> <span class='ocrx_word' id='word_1_311' title='bbox 596 4397 641 4440; x_wconf 84' lang='lat' dir='ltr'><strong>cst.</strong></span> <span class='ocrx_word' id='word_1_312' title='bbox 690 4387 760 4442; x_wconf 81' lang='lat' dir='ltr'><strong>Cass.</strong></span> <span class='ocrx_word' id='word_1_313' title='bbox 772 4393 832 4462; x_wconf 80' lang='lat'><strong>159,</strong></span> <span class='ocrx_word' id='word_1_314' title='bbox 841 4390 885 4457; x_wconf 92' lang='lat' dir='ltr'><strong>qui</strong></span> <span class='ocrx_word' id='word_1_315' title='bbox 897 4390 928 4442; x_wconf 88' lang='lat' dir='ltr'><strong>de</strong></span> <span class='ocrx_word' id='word_1_316' title='bbox 938 4390 1037 4445; x_wconf 87' lang='lat' dir='ltr'><strong>Cerere</strong></span> <span class='ocrx_word' id='word_1_317' title='bbox 1048 4396 1192 4449; x_wconf 81' lang='lat' dir='ltr'><strong>mandente</strong></span> 
     </span>
     <span class='ocr_line' id='line_1_39' title="bbox 142 4461 1198 4544; baseline 0.001 -21"><span class='ocrx_word' id='word_1_318' title='bbox 142 4461 536 4534; x_wconf 66' lang='lat' dir='ltr'><strong>Plurimiveterumcmersadse,</strong></span> <span class='ocrx_word' id='word_1_319' title='bbox 548 4466 641 4519; x_wconf 80' lang='lat' dir='ltr'><strong>velim·</strong></span> <span class='ocrx_word' id='word_1_320' title='bbox 691 4465 794 4535; x_wconf 86' lang='lat' dir='ltr'><strong>Pelopis</strong></span> <span class='ocrx_word' id='word_1_321' title='bbox 814 4467 956 4525; x_wconf 84' lang='lat' dir='ltr'><strong>humerum</strong></span> <span class='ocrx_word' id='word_1_322' title='bbox 976 4469 1057 4524; x_wconf 80' lang='lat' dir='ltr'><strong>dicit:</strong></span> <span class='ocrx_word' id='word_1_323' title='bbox 1075 4476 1198 4544; x_wconf 24' lang='lat' dir='ltr'><strong>tripetias·</strong></span> 
     </span>
    </p>
   </div>
   <div class='ocr_carea' id='block_1_7' title="bbox 0 0 1349 5092">
    <p class='ocr_par' dir='ltr' id='par_1_13' title="bbox 0 0 1349 5092">
     <span class='ocr_line' id='line_1_40' title="bbox 0 0 1349 5092; baseline 0 0"><span class='ocrx_word' id='word_1_324' title='bbox 0 0 1349 5092; x_wconf 95' lang='lat' dir='ltr'><strong> </strong></span> 
     </span>
    </p>
   </div>
  </div>
 </body>
</html>
