2662 5092
255 751 319 820 DE
342 747 512 816 OPERE
535 743 1064 814 METAMORPHOSEON.
1148 769 1185 811 ar

221 898 394 962 Ponderibus
411 897 509 958 librata
523 895 603 959 suis:
617 917 670 957 uec
685 895 797 958 bracbia
810 896 899 980 longo

219 1000 343 1083 Margine
356 1012 496 1059 terrarum
509 1007 671 1078 porrexerat
683 995 867 1077 Amphitrite.

154 1147 203 1223 Sed
217 1168 331 1252 postea
349 1151 442 1224 Deus
456 1148 554 1247 jussit
557 1147 647 1248 freta
664 1146 815 1248 diffundi,
843 1148 1011 1249 rabidisque
1035 1163 1193 1221 tumescere

152 1282 252 1367 umbi,
275 1279 405 1354 extendi
419 1307 559 1380 ternpus,
576 1279 729 1353 subsidere
748 1279 865 1364 ualles,
906 1278 1058 1379 lapidosos
1077 1307 1195 1380 surgere

144 1425 254 1484 monta.
272 1407 385 1483 Multa
398 1437 438 1483 ex
450 1408 516 1482 boc
534 1407 652 1504 genere
666 1409 827 1505 insignia,
845 1411 921 1497 XV,
935 1410 971 1481 in
988 1408 1117 1509 placitis
1131 1410 1197 1508 Py-

144 1539 297 1637 tbagorae;
309 1538 368 1614 sed
381 1568 448 1641 prae
458 1541 582 1615 caeteris
596 1541 727 1628 eminet,
736 1538 989 1627 noo-13,iocus
1000 1540 1039 1613 de
1052 1558 1195 1641 quatum

141 1673 208 1745 anui
231 1671 404 1773 partibus,
421 1670 544 1772 quibus
562 1673 752 1746 suavissime
776 1672 923 1746 bominis
946 1672 1105 1746 attributa
1121 1671 1197 1745 data

138 1821 220 1876 sunt.
238 1803 358 1904 Aperit
372 1830 495 1876 annum
511 1818 596 1876 tener
613 1820 647 1878 et
670 1804 784 1877 lactem
800 1832 900 1904 puer,
921 1804 1035 1877 roboris
1057 1833 1186 1905 expers,

136 1937 282 2037 sequitur
294 1937 397 2010 rudore
404 1937 514 2010 uadens
524 1954 558 2010 et
567 1951 700 2010 oestuurrs
706 1936 845 2036 juvenis,
858 1966 966 2038 quem,
971 1938 1194 2040 poedoserrnre

131 2067 275 2164 juventa,
290 2066 434 2140 Maturus
445 2066 585 2167 mitisque
598 2067 788 2141 Autumnus
801 2069 932 2170 excipit.
946 2070 1000 2143 Ad
1013 2088 1194 2146 extremum

258 2279 267 2295 .
279 2276 308 2293 ..
326 2235 449 2313 smilis,
468 2236 568 2297 Hiems
578 2236 700 2299 tremulo
712 2237 791 2300 venit
803 2237 919 2298 horrida
930 2259 1030 2320 passu,

216 2342 278 2404 Aut
295 2342 415 2424 spoliata
430 2364 515 2419 suos,
526 2354 594 2418 aut,
614 2364 687 2425 quos
703 2341 804 2419 babet,
818 2342 880 2403 alba
895 2343 1021 2424 capillos.

140 2488 201 2561 His
223 2488 304 2563 adde
324 2490 427 2579 Noti,
446 2491 579 2580 Boreae,
605 2491 761 2578 Invidia,
777 2491 908 2578 Famis,
934 2493 1057 2578 Famae,
1076 2464 1201 2564 Somni

142 2619 390 2722 descriptiones,
409 2624 445 2695 in
464 2625 587 2723 quibus
604 2621 789 2697 catillarum
806 2649 915 2695 rerum
931 2623 1101 2696 attributis
1116 2651 1195 2722 per-

139 2779 236 2826 sonas
252 2781 428 2854 earumque
446 2753 613 2827 domicilia
632 2738 767 2827 mirifice
784 2754 905 2850 (nevis
922 2753 1036 2854 paucis
1053 2753 1195 2845 demtis)

136 2885 333 2986 composuit
349 2886 424 2958 Jam
433 2886 461 2957 si
470 2885 539 2959 baec
553 2886 598 2958 ita
607 2885 694 2959 inter
703 2913 736 2959 sc
745 2885 993 2985 comparaveris,
1002 2901 1041 2959 ut
1049 2884 1195 2983 primunr
1245 2958 1247 2969 A

136 3015 246 3089 rudidis
259 3030 421 3089 torrescere
438 3017 538 3090 veute's
553 3045 679 3116 ponas,
700 3033 786 3103 tum,
804 3014 927 3088 brachis
944 3015 1035 3114 longo
1051 3014 1196 3113 Margine

133 3164 278 3224 terrorum
289 3165 470 3251 porrexerat
485 3150 693 3250 Amphitu'te,
710 3166 790 3250 post
803 3149 873 3223 baec
891 3148 1000 3221 locum
1018 3148 1058 3222 de
1075 3147 1193 3222 annuis

133 3283 428 3373 vicissitudinibus,
438 3301 631 3386 autpartem
642 3284 722 3384 ejus,
736 3284 877 3384 denique
887 3312 926 3357 ex
937 3282 988 3370 iis,
1002 3312 1083 3385 quas
1090 3283 1189 3357 modo

132 3411 278 3503 laudari,
297 3417 544 3518 prosopopoeiis
562 3444 678 3504 unam3
696 3415 921 3512 gradationem
931 3414 1070 3492 habebis
1081 3415 1196 3511 imagi-

133 3572 215 3618 num
228 3549 409 3643 egregiam,
420 3577 560 3649 quarum
573 3547 724 3648 proxima
734 3575 871 3648 quaeque
885 3545 1118 3647 precedentem
1128 3545 1193 3646 plo

131 3677 284 3752 nitudine
308 3698 452 3780 superat.
480 3680 636 3753 Personis
648 3678 884 3779 mythologicis
898 3678 1025 3776 egregie
1039 3679 1194 3753 animavit

130 3805 386 3898 locararia.-I,
396 3809 680 3912 264sqq.,Notus
690 3807 807 3897 evolat,
818 3808 1194 3884 lrisalimentanubibus

131 3938 259 4027 adfert,
277 3943 454 4041 Neptunus
471 3959 631 4016 convocat
642 3941 919 4028 Amnes,Triton
937 3968 1083 4014 recessus
1096 3941 1192 4015 canit.

129 4074 178 4146 ht
195 4072 348 4145 omnibus
365 4073 432 4146 fere
450 4091 483 4146 et
497 4073 779 4174 descriptionibus
795 4090 827 4145 et
843 4073 1090 4146 narrationibus
1102 4073 1195 4168 inge-

128 4200 229 4273 nium
242 4221 349 4301 poetae
364 4221 430 4276 tam
446 4202 712 4295 intensissimis,
728 4232 826 4305 quam
840 4204 875 4277 in
886 4204 1085 4299 gravissimis
1098 4203 1198 4276 rebus

129 4333 289 4408 admirari
306 4334 394 4409 licet.
427 4339 475 4409 Ut
492 4365 511 4411 a
526 4336 684 4411 brevibus
707 4338 856 4412 tenuium
871 4364 981 4410 rerum
1004 4333 1198 4433 descriptio-

131 4466 234 4543 nibus
247 4469 422 4570 incipiam,
440 4469 493 4543 cui
509 4496 579 4543 nou
596 4467 740 4570 placeat,
754 4471 788 4556 l,
807 4464 897 4554 335,
914 4465 1039 4541 ducciuu
1053 4463 1088 4537 T
1085 4462 1180 4535 ortilis
1188 4483 1203 4546 ,'
