2662 5092
137 776 203 861 244
406 778 446 843 P.
479 777 657 846 ovtutt
685 778 916 851 NASONIS

133 917 272 992 Actaeon
290 942 354 1010 ego
372 942 465 1003 sum3
484 915 656 991 dominum
675 918 866 1013 cognoscite
882 938 1041 997 vestrum.
1152 954 1211 1013 234

133 1032 244 1105 Verbo
263 1030 374 1105 animo
393 1030 534 1105 desunt:
552 1051 685 1106 resonat
701 1032 876 1108 latratibus
891 1036 1003 1112 aether.

135 1147 247 1221 Prima
265 1145 501 1222 Melanchaetes
518 1148 553 1222 in
570 1166 664 1244 tergo
682 1148 818 1223 vulnera
832 1149 930 1238 secit;

135 1264 294 1337 Proxima
310 1263 524 1339 Theridamas
534 1276 546 1351 ;’
559 1265 800 1365 Oresitrophos
817 1265 963 1340 hesitio
978 1296 1080 1344 ormo.

119 1377 276 1451 ''fardius
294 1377 462 1464 exierunt,
480 1377 538 1451 sed
555 1405 616 1478 per
632 1378 825 1480 compendia
842 1382 969 1456 montis

133 1493 325 1594 Auticipatn
341 1493 393 1566 uie
409 1511 482 1567 est:
501 1492 673 1567 dominum
690 1495 913 1570 retinentibus
930 1496 1015 1586 iltis,
1140 1524 1183 1575 sss

134 1608 251 1681 Cetera
271 1608 370 1680 turba
386 1607 472 1694 coit,
492 1606 684 1708 confertque
701 1608 736 1680 in
754 1637 891 1709 corpore
904 1610 1031 1685 dentes.

133 1731 207 1802 Jam
222 1727 297 1803 ioca
312 1728 507 1803 vulneribus
524 1728 643 1803 desunt
660 1760 668 1802 :
684 1731 786 1825 gemit
801 1730 874 1820 ille,
894 1760 1081 1835 sonumque

61 1953 65 1959 Α
132 1854 197 1939 Et,
216 1850 246 1925 si
263 1879 334 1926 non
349 1851 509 1938 hominis,
529 1878 627 1950 quem
643 1880 711 1925 non
732 1870 839 1927 tamen
856 1854 952 1929 edere
969 1858 1077 1957 possit

136 1974 282 2060 Cervus,
302 1974 420 2060 heheu
438 1973 630 2074 moestisque
642 1972 749 2075 replet
762 1976 842 2074 jugo
854 1994 938 2051 uota
956 1978 1116 2080 querelis:

136 2186 206 2256 quod
226 2194 317 2239 tuetur
335 2184 414 2238 Lena.
430 2186 564 2245 Feruntur,
581 2204 643 2240 cum
690 2184 786 2255 Circo,
799 2187 843 2242 uti
860 2189 920 2258 equi
937 2190 1085 2245 carceribus
1096 2196 1167 2243 emt.

134 2268 235 2336 impetu
253 2273 351 2326 ruunt,
367 2264 435 2315 bene
454 2264 578 2315 convenit
594 2283 642 2316 sr-
690 2266 825 2321 Ceterum
836 2268 888 2322 huc
903 2270 1019 2339 respexit
1032 2268 1098 2323 haud
1111 2268 1166 2323 dsiie

134 2346 190 2399 dori
203 2364 300 2399 cenum
311 2384 318 2409 ,
330 2362 417 2411 neque
428 2342 494 2394 adeo
506 2342 642 2397 soiiieiten·
689 2342 805 2409 Seneca,
817 2346 877 2398 Nat.
890 2344 993 2413 Quaest.
1002 2345 1047 2399 iiis.
1053 2346 1100 2411 ΙΙΙ,
1108 2342 1167 2415 ptuit

134 2427 199 2479 dum
210 2436 256 2478 est.
270 2426 332 2477 Jam
343 2423 405 2475 irinc
416 2419 643 2491 phantasiapoeus
692 2423 745 2486 Qui
758 2427 855 2476 lardr’us
865 2425 1005 2487 Petierunt,
1019 2444 1107 2477 m
1118 2423 1168 2475 selo·

134 2498 642 2574 cupidincmconumcomitumquecum
688 2504 899 2566 canopeum.
920 2527 955 2543 -
979 2503 1070 2557 Nostri
1083 2500 1168 2556 utos

134 2581 234 2634 domini
253 2578 388 2633 conatibus
405 2586 432 2630 et
452 2576 564 2645 querelis
581 2585 642 2630 ente
689 2575 766 2645 uegit
777 2575 875 2629 habent
887 2583 999 2641 eaee'eraet,
1014 2578 1167 2650 quodprstr

134 2660 223 2714 oculos
233 2657 315 2727 ponit.
688 2652 782 2718 ierim,
803 2664 833 2707 ut
846 2655 977 2707 reseratur
994 2655 1028 2709 ad
1045 2656 1167 2711 omitto

167 2736 223 2789 230.
237 2734 346 2786 Actaeos
355 2750 401 2799 ego
411 2750 468 2784 suns
478 2742 527 2785 etc.
538 2731 580 2783 De
592 2729 642 2783 hoc
688 2729 770 2798 pisum
782 2730 885 2796 sotum,
904 2733 948 2800 qui
962 2752 1047 2802 quum
1058 2753 1104 2805 per
1113 2748 1167 2787 con·

132 2834 209 2868 versu
227 2811 370 2866 Heinsius:
384 2813 440 2863 Non
456 2815 538 2878 περὶ
550 2812 642 2864 Naso·
688 2806 783 2876 pendis
791 2809 924 2861 montium
932 2811 1061 2873 venisset,
1072 2818 1100 2865 r'a
1108 2827 1165 2865 nt.

132 2899 175 2947 nis
184 2898 238 2954 est,
258 2908 331 2958 qnam
345 2907 421 2941 mess.
435 2887 590 2957 Agnoscunt
601 2896 643 2941 ts·
687 2885 779 2951 idest,
797 2886 824 2937 in
842 2884 976 2940 anteriore
990 2900 1065 2959 parte
1082 2884 1167 2959 ootpflt't

134 2990 197 3025 men
207 2969 264 3022 iibri
273 2978 381 3021 veteres.
394 2965 543 3019 Eosubiato
553 2964 642 3018 omnia
690 2960 814 3016 Aeteons
826 2981 960 3033 aggressus
969 2974 1009 3018 est
1021 3005 1030 3034 ,
1054 2964 1167 3019 durelin-

133 3057 212 3102 erunt
229 3045 407 3101 concinniors.
430 3068 465 3085 ι-
485 3042 640 3112 Agnoscunt
689 3038 1167 3097 lanchoetesetTheridsmasenndeua

131 3142 237 3195 quoque
248 3119 334 3176 Codd.
347 3120 431 3190 Regii.
446 3147 480 3159 -
491 3119 555 3172 Sine
565 3136 641 3171 causa
688 3128 763 3189 tergo
775 3119 939 3174 adoriuntur.
958 3124 1009 3175 Ed.
1022 3150 1058 3165 -·
1070 3124 1167 3189 Conpu-

134 3202 260 3257 Heinsius
273 3200 344 3252 huuc
363 3214 468 3250 vernum
481 3194 641 3264 ejiciendum
688 3200 771 3260 dions,
786 3216 865 3251 omne
876 3197 997 3266 lucrum,
1010 3200 1167 3269 quadisque

134 3284 248 3355 putabat.
258 3278 365 3333 Etenim
365 3277 468 3345 samule'
470 3284 640 3344 possuntesse
688 3291 800 3342 cumque
813 3294 842 3328 ue
853 3276 938 3329 {scere
947 3295 1097 3346 possumus,
1105 3273 1167 3331 ιδ’·

132 3362 261 3426 comites,
281 3376 346 3427 quos
359 3356 466 3408 Λάκου
480 3352 641 3421 ulloquivo-
688 3353 779 3422 primis
804 3353 836 3407 de
861 3354 983 3409 breviore
1004 3356 1046 3411 via
1063 3354 1167 3411 martit·

132 3440 209 3494 debat.
217 3437 270 3491 Sed
280 3446 306 3489 ct
314 3432 431 3498 canes,si
439 3431 487 3485 hos
495 3429 640 3501 intelligere
689 3448 768 3498 quarn
780 3431 854 3499 quis,
866 3432 1019 3501 ambagibus
1030 3431 1167 3497 reiiet'n,ir

135 3516 275 3580 malumus,
286 3512 425 3565 dominum
437 3529 468 3563 ex
478 3526 540 3563 voce
552 3527 641 3577 agno-
688 3508 753 3560 sistit
766 3526 773 3560 t
784 3506 844 3561 vide
855 3508 987 3563 Schwars.
998 3511 1033 3564 nd
1047 3510 1119 3565 Plinii
1127 3508 1167 3563 te

135 3612 207 3648 scere
221 3591 372 3661 potuissent.
385 3584 556 3656 Adde,quod
565 3585 641 3639 toties
687 3603 746 3653 neg.
760 3604 815 3654 esp.
828 3600 896 3652 utcu,
908 3606 933 3656 p.
948 3589 1005 3654 488.
1018 3590 1169 3653 -Antffl

133 3676 160 3727 in
173 3673 222 3726 hac
237 3671 289 3740 ipsa
307 3671 356 3725 [ab.
373 3668 485 3723 luxuriat
501 3666 640 3735 ingenium
686 3671 755 3717 veser
767 3665 854 3733 is,qui
867 3666 981 3719 attentus
988 3667 1170 3721 suraoefitw

133 3750 397 3808 Ovidii-Animo,
417 3744 552 3799 voluntati.
686 3744 859 3797 su-lidem
870 3743 1171 3813 codtoesnosutffln'·

164 3832 220 3885 232.
234 3829 416 3882 faetauctetes
423 3822 550 3892 etreliqui
559 3823 638 3876 etiam
681 3826 768 3889 prtara
778 3828 822 3874 vrtr
830 3832 876 3874 est
888 3823 1029 3877 Ptestaret
1039 3826 1169 3891 uuam

131 3907 163 3961 nb
182 3905 292 3977 Hygino
314 3901 439 3971 postremi
458 3899 638 3952 nominantur.
685 3900 706 3952 si
719 3897 804 3952 codd.
815 3901 910 3952 nostris
926 3900 1128 3956 tutetremrstd.

133 3984 187 4037 Set
198 3984 308 4048 Noster,
321 3977 391 4031 tedii
408 3976 528 4030 vincendi
545 3996 636 4043 causa,
718 3978 830 4037 stom,
844 3982 871 4029 si
879 3996 928 4029 nou
939 3980 1051 4031 homas
1060 3990 1171 4041 etc-tw·

132 4081 196 4127 cos,
217 4061 270 4113 aliis
297 4054 452 4129 quibusdam
475 4057 637 4125 interjectis,
684 4056 1169 4127 terrenumfitt7tibritt.-annts

131 4137 308 4205 superioribus
324 4133 413 4197 addit,
429 4143 486 4184 turn
502 4133 637 4200 ingenioso
684 4135 813 4204 inquibus
824 4135 914 4186 reneri
924 4135 1016 4188 solitus
1024 4137 1108 4189 suerat
1118 4129 1171 4186 :vtte

131 4223 284 4270 commento
294 4211 453 4281 peculiarem
465 4228 559 4262 eorum
571 4230 636 4279 ope·
685 4211 718 4264 ad
731 4213 759 4277 l,
771 4214 828 4280 370.
838 4238 872 4251 -
884 4215 980 4265 Posides
992 4212 1072 4267 habet
1087 4213 1172 4266 Bono

132 4308 191 4343 ram
200 4297 338 4341 memorat.
349 4286 581 4348 —Melanchoeles,·
594 4288 637 4353 ju·
684 4307 733 4358 pro
746 4289 845 4342 diversa
854 4290 974 4342 lectione.
984 4288 1173 4356 &terimi

132 4369 195 4424 barn
206 4376 233 4419 et
245 4364 309 4433 piios
320 4363 421 4415 hebens
431 4362 526 4430 nigros.
538 4365 588 4415 Ed.
683 4394 718 4408 -
727 4369 771 4420 Sic
777 4378 804 4421 et
812 4368 894 4421 nostri
903 4368 990 4437 Regii,
996 4375 1092 4436 pmnr's.
1101 4368 1173 4420 -Pr

162 4446 219 4513 234
231 4444 362 4495 Exierant.
373 4440 454 4493 Recte
469 4438 562 4493 Heius·
571 4459 635 4492 ¹1¹0·
684 4451 742 4499 setis
751 4447 868 4499 revocavi
877 4466 908 4498 cx
915 4444 984 4499 eod.
992 4447 1098 4500 Bonum
1105 4455 1128 4499 et
1135 4442 1173 4513 pb

129 4537 193 4593 net,
208 4526 320 4580 verbum
335 4528 404 4577 exire
419 4531 535 4576 sumtum
553 4542 635 4576 esses
683 4526 737 4580 cuit
747 4526 825 4580 etiarn
838 4525 960 4581 Heinsio.
971 4529 1173 4593 rosamo
