2662 5092
132 749 176 814 uti
529 748 796 816 PRAEFATIO

132 886 183 960 Cf.
207 887 279 973 III,
304 885 345 970 5;
370 885 473 973 VIII,
492 887 579 986 47ss
597 889 664 974 IX,
687 885 767 978 408.
789 888 858 959 Nec
878 885 1006 986 placent
1022 889 1059 962 hi
1074 887 1192 982 lusus,

131 1012 199 1098 VI,
215 1008 302 1097 560,
317 1007 428 1105 lingua
445 1027 567 1084 resecta
582 1010 709 1084 mon'eos
724 1009 857 1083 dominu
871 1011 1000 1110 vesuffla
1015 1015 1143 1114 quaerit,
1162 1034 1195 1090 et

131 1158 224 1211 versu
243 1135 328 1236 708,
345 1134 484 1209 votando
497 1138 609 1210 Boreae
620 1150 758 1208 arsetam
770 1135 997 1236 agitatisorttits
1012 1140 1104 1240 pnes.
1123 1144 1194 1241 Qui

129 1260 262 1362 proprie
278 1258 431 1334 dicuntur
443 1258 551 1357 ignes,
568 1258 708 1333 votando
724 1259 855 1361 quidem
870 1261 1043 1337 ardescunt
1056 1263 1193 1355 fortius,

130 1401 320 1458 nouantem
339 1381 404 1472 illi,
424 1412 508 1484 qnos
521 1412 609 1458 nunc
629 1401 726 1485 poeta
741 1382 905 1482 intelligit
934 1428 973 1444 -
990 1389 1076 1477 XII,
1102 1388 1193 1484 614,

130 1507 317 1610 praeclarum
325 1527 531 1611 praecesserat
539 1509 769 1611 epiphonema,
782 1509 836 1585 cui
844 1527 953 1585 autem
963 1511 1055 1590 lusus
1061 1514 1196 1619 ineptis

131 1634 233 1708 simus
255 1633 447 1734 subjicitur,
473 1649 609 1707 amarat
626 1634 718 1708 Deru
738 1632 838 1720 rifero,
862 1634 1001 1737 idemque
1018 1655 1196 1714 cremarat:

130 1755 297 1832 Vulcanus
311 1787 399 1832 arma
416 1758 484 1857 ejus
500 1757 727 1845 fabricaverat,
754 1777 786 1832 et
802 1758 889 1856 ignis
911 1787 1031 1861 corpus
1048 1761 1119 1860 ejus
1133 1763 1196 1838 ab·

131 1899 299 1955 sumserat.
314 1881 480 1983 Halcyone
493 1882 599 1956 mariti
612 1882 817 1979 naufragium
830 1901 997 1971 metuens,
1014 1901 1046 1957 et
1056 1886 1197 1981 graviter

131 2004 264 2092 dolens,
283 2009 353 2092 XI,
375 2032 444 2107 7⁰⁰
461 2037 469 2080 τ
486 2009 584 2081 Nunc
594 2007 702 2081 absens
717 2035 826 2109 pereo,
840 2009 946 2111 jactor
960 2009 1196 2112 uuocfluctt‘bus

43 2116 46 2123 ¹
128 2127 254 2212 absens,
283 2128 333 2201 Et
349 2129 412 2202 sr’oe
429 2157 476 2203 me
497 2159 544 2203 me
556 2147 671 2231 pontus
690 2131 802 2216 haben
832 2160 904 2234 que
928 2132 1062 2228 argutia
1088 2132 1197 2209 multo

130 2250 306 2326 deteriores
321 2253 416 2327 etiam
434 2272 512 2328 sunt
530 2254 613 2343 illis,
639 2284 720 2357 quas
731 2255 866 2330 'IItishe
886 2255 1014 2329 tribuit.
1032 2255 1142 2330 Etiam
1159 2255 1196 2329 in

129 2374 204 2449 lusu
223 2378 396 2453 verborum
415 2378 543 2454 lascivia
563 2381 632 2480 ejus
648 2379 769 2482 passim
782 2380 936 2453 cernitur.
962 2423 1001 2437 -
1016 2382 1083 2471 XI,
1102 2380 1195 2473 484,

129 2499 233 2590 foco,
277 2534 343 2605 quo
370 2505 479 2580 studia
506 2523 678 2580 nautarum
707 2505 741 2579 in
767 2504 1021 2605 presentissimo
1045 2501 1196 2606 periculo

129 2629 257 2726 egregie
280 2648 456 2719 notantur,
482 2632 575 2731 egerit
597 2628 797 2732 hicstuctus,
827 2657 988 2731 aequorque
1012 2628 1195 2730 refunditur

128 2779 240 2854 equor.
259 2797 298 2810 -
312 2756 398 2843 XII,
419 2753 508 2855 493,
528 2756 667 2830 Caeneus
680 2782 788 2830 ensem
803 2754 933 2855 corpori
944 2752 1059 2828 hostili
1070 2752 1195 2826 immis-

130 2908 202 2952 sum
216 2909 313 2954 manu
326 2909 458 2956 versans
469 2882 584 2955 vulcus
596 2881 627 2952 tir
641 2877 856 2978 vulacresect't.
871 2879 985 2978 Atque
1001 2875 1195 2977 repetitione

129 3003 305 3078 verborum
317 3003 427 3106 inepta
442 3004 619 3106 sepissime
633 3002 740 3090 ludit,
756 3029 856 3103 eaque
872 3017 964 3074 tanto
976 2997 1080 3094 magio
1097 2996 1197 3072 offen·

130 3128 198 3219 dit,
227 3131 359 3232 quando
377 3130 410 3203 in
429 3130 540 3204 cadem
556 3127 666 3203 fabula
681 3126 757 3230 plus
779 3125 877 3200 semel
893 3122 1045 3199 occurrit.
1067 3164 1108 3177 -
1130 3123 1195 3207 IV,

135 3255 315 3356 170-195:
332 3255 423 3355 Cepit
432 3285 520 3330 arnor
527 3254 630 3329 Solem
641 3282 653 3323 .·
666 3253 750 3328 Solis
762 3251 921 3352 resemmus
928 3275 1054 3323 umores.
1070 3288 1111 3302 -
1120 3244 1196 3320 Pu·-

130 3408 198 3454 mus
215 3382 281 3454 Hic
308 3382 421 3456 uidisse
442 3381 532 3456 Deus
550 3407 562 3448 .·
583 3379 670 3454 videt
689 3378 739 3451 tic
761 3378 855 3453 Deus
873 3375 975 3450 omur'a
989 3373 1120 3475 prtinus.
1153 3413 1192 3426 -

132 3503 169 3576 T
164 3518 245 3577 cetos
258 3504 313 3603 qui
324 3504 405 3578 lusit
420 3531 557 3590 macres,
583 3502 692 3577 Ludit
710 3530 814 3577 amore
827 3501 909 3603 pori.
933 3540 972 3555 -
994 3496 1077 3571 Tuis
1097 3519 1198 3569 omues

132 3628 187 3729 qui
202 3643 297 3701 terras
312 3630 430 3730 poitur
446 3630 526 3715 uni,
553 3628 661 3702 Urerr's
680 3628 748 3728 {poe
767 3653 866 3708 uoco,·
887 3622 995 3724 quique
1012 3618 1116 3692 omnia
1132 3645 1198 3691 cer·

130 3779 201 3825 uere
215 3750 325 3837 debes,
344 3751 535 3826 Iaeucotheeo
552 3766 677 3852 spectus.
700 3746 863 3823 Puerilem
875 3741 1125 3821 adfectationem
1137 3741 1204 3816 ista

131 3875 276 3962 habent;
303 3874 337 3948 in
362 3874 484 3977 quibus
510 3893 617 3949 tamen
642 3872 802 3975 placuisse
827 3868 892 3945 sibi
914 3884 1013 3970 poeta
1040 3863 1197 3939 ridetur:

130 4027 239 4100 neque
253 4001 333 4074 adeo
350 4028 424 4074 eum
435 4017 517 4100 puto
527 4016 729 4074 resecturum
738 3994 838 4071 fuisse
851 3992 944 4080 talia,
958 3991 987 4065 si
995 3988 1046 4063 vel
1059 3988 1199 4063 maxime

132 4141 306 4198 retractare
334 4151 420 4224 opus
445 4123 616 4223 potuisset.
646 4124 795 4217 Rogatus
820 4118 906 4194 enim
931 4113 1131 4217 aliquando,
1162 4128 1200 4185 ut

132 4251 271 4335 Seneca,
297 4245 441 4319 Declam.
463 4248 516 4331 II,
544 4243 662 4332 refert,
690 4245 732 4318 ab
756 4242 888 4329 amicis,
916 4257 954 4313 ut
977 4235 1109 4310 tolleret
1133 4251 1200 4307 tres

132 4403 264 4462 versus,
292 4372 409 4474 petivit
427 4369 584 4457 invicem,
612 4388 650 4443 ut
669 4387 734 4444 tres
759 4369 943 4469 exciperet,
972 4364 1006 4436 in
1026 4391 1111 4463 quos
1134 4358 1201 4445 iltis

134 4498 217 4574 nihil
231 4498 352 4572 liceret.
368 4494 637 4595 Conscripserunt
649 4492 714 4580 itti,
733 4521 816 4593 quos
831 4489 902 4565 tolli
916 4487 1056 4577 vellent3
1073 4502 1203 4561 secreto
