2662 5092
182 784 225 856 70
389 714 396 731 ’
456 765 494 827 e.
526 762 954 833 ov1u11rmsoms
989 832 992 835 ,

180 900 402 1001 Regalemque
419 901 555 975 domum
574 930 582 975 :
600 902 714 977 dextra
727 901 872 1004 larvaque
888 905 1037 978 Deorum
1136 967 1141 976 .

182 1023 277 1097 Atria
294 1023 458 1097 nobilium
475 1022 576 1098 valvis
593 1023 801 1099 celebrantur
817 1026 949 1125 apertis.

182 1138 281 1212 Plebs
297 1140 451 1213 habitam
467 1140 594 1215 diversa
608 1140 691 1215 locis
707 1173 714 1213 :
734 1170 752 1214 a
769 1140 878 1216 fronte
894 1158 1048 1242 potentes

184 1253 360 1344 Caelicolae,
382 1256 525 1358 clarique
542 1287 622 1332 suos
638 1286 779 1358 posuere
795 1276 941 1359 penates.

182 1370 247 1444 Hic
264 1368 358 1446 locus
376 1389 448 1461 est,
468 1401 585 1472 quem,
603 1374 630 1447 si
650 1374 759 1448 verbis
774 1373 909 1448 audacia
926 1373 1044 1460 detur,
1197 1394 1245 1462 ηε,

182 1559 376 1613 accommodate
389 1561 420 1614 ad
434 1580 522 1614 mores
531 1563 609 1615 Rom.
622 1562 688 1616 dixit
736 1583 856 1617 errorem
866 1562 1002 1633 aperuisse.
1019 1559 1132 1630 Legebat
1141 1559 1246 1631 Tanaq.

182 1643 248 1690 atrr'a
260 1642 415 1690 celebrantur
423 1650 471 1693 etc.
486 1661 493 1701 ;
514 1640 535 1693 is
549 1641 621 1693 enim
633 1640 688 1692 ho·
739 1641 840 1705 Faber,
854 1641 935 1710 Epist.
947 1656 985 1705 11,
999 1640 1051 1712 ligr

183 1734 234 1768 nor
243 1717 336 1770 llomae
346 1717 475 1771 nobilibus
484 1718 573 1771 haberi
583 1719 689 1771 solebat.
970 1728 1153 1779 ostentemus

219 1795 272 1863 173·
280 1796 361 1847 Plebs.
371 1805 480 1864 Aut'pattte
488 1801 594 1872 dttlttpat,
601 1797 617 1847 l.
624 1816 645 1848 e.
652 1815 690 1848 se·
738 1805 831 1844 Culleolm
837 1803 875 1842 sibi
886 1804 969 1854 quisque
978 1816 1023 1841 auos
1033 1814 1113 1852 poam·
1124 1808 1214 1852 ptum·

183 1871 534 1926 cundiordinistvideGrev.
542 1874 573 1926 ad
583 1872 690 1926 llesiod.
740 1878 767 1931 Si
777 1880 812 1931 ira
822 1878 878 1930 sine
890 1877 961 1929 libris
973 1875 1080 1945 grassari
1092 1875 1134 1943 jus
1148 1874 1247 1941 suerit,

183 1942 240 2023 fill·
256 1952 308 2016 14¹.
322 1950 361 2003 Ut
374 1952 466 2003 Rome
478 1951 578 2003 nobiles
592 1963 617 2003 et
629 1949 690 2018 ple·
739 1955 803 2025 quid
816 1974 871 2007 uon
882 1954 1011 2024 refingere
1022 1952 1108 2005 licebit
1119 1951 1152 2004 ad
1165 1971 1246 2006 suurn

185 2027 251 2091 beii,
265 2027 301 2080 sie
313 2028 392 2079 etiam
407 2029 433 2080 in
444 2029 514 2080 caelo.
526 2028 588 2081 Non
603 2038 691 2080 autem
740 2031 900 2086 arbitrium?
921 2032 955 2083 Et
971 2030 1020 2082 hoc
1037 2038 1076 2082 est
1091 2029 1248 2082 calumniari

185 2103 297 2156 debebat
309 2105 374 2157 verti
383 2109 428 2157 der
437 2109 535 2159 Poebel.
549 2105 590 2157 Ad
595 2110 692 2171 plebem
741 2108 870 2160 Veterum
878 2107 1001 2175 loquendi
1010 2105 1247 2166 consuetudinem,

185 2201 201 2234 a
208 2183 305 2235 Nostro
311 2182 338 2235 in
348 2184 385 2236 lb.
394 2186 591 2238 dureseruntur
598 2185 690 2245 Fauni,
741 2186 784 2253 qui
794 2205 860 2254 saepe
871 2183 985 2253 epitheta
993 2184 1053 2236 talia
1062 2183 1248 2251 geminabant,

186 2259 290 2331 Satyri,
304 2261 450 2333 Nymphae,
463 2262 595 2325 Semidei3
609 2261 654 2315 sed
666 2262 692 2314 lri
741 2282 798 2331 quar
810 2263 906 2325 etiam,
920 2261 939 2313 si
955 2261 1037 2330 arguti
1052 2279 1106 2312 esse
1118 2259 1249 2326 velimus,

127 2385 131 2392 ,
186 2357 261 2405 mox,
277 2359 397 2413 versrga
407 2361 426 2394 s.
439 2343 470 2394 ab
479 2361 509 2394 ea
523 2341 693 2411 distinguuu-
742 2341 812 2393 inter
827 2360 853 2392 so
871 2339 975 2391 differre
993 2337 1130 2390 ostendere
1148 2335 1250 2390 liceret.

186 2429 246 2483 tur;
261 2418 379 2473 habitant
396 2422 508 2474 enimin
523 2422 606 2474 terris.
619 2421 694 2474 luter
743 2419 894 2473 Clarr'enim
904 2428 981 2482 suut,
993 2418 1033 2469 vel
1045 2417 1080 2469 ob
1090 2415 1192 2469 nobiles
1201 2434 1251 2468 na-

185 2498 255 2552 cires
267 2498 402 2553 Romanor
418 2501 540 2553 nonnulli
552 2511 628 2553 erant
639 2520 693 2567 po·
743 2499 820 2562 tales,
835 2498 875 2549 vel
889 2497 921 2548 ob
931 2515 972 2548 res
988 2505 1085 2564 gestas;
1097 2512 1186 2562 neque
1203 2503 1251 2547 ta-

185 2580 273 2636 tentes,
284 2576 399 2628 valentes
407 2579 487 2645 gratia
496 2587 522 2631 et
530 2578 692 2639 auctoritate,
742 2598 803 2630 men
814 2577 872 2629 ideo
880 2577 998 2645 sequitur
1007 2593 1099 2628 omues
1106 2575 1188 2627 ctiam
1198 2579 1252 2627 cla·

186 2662 266 2719 atque
283 2656 350 2706 clari
361 2654 400 2705 vel
417 2655 545 2707 natalibus
561 2655 601 2707 vel
616 2655 694 2706 rebus
741 2674 782 2707 ros
794 2675 847 2707 esse
853 2661 983 2721 potentes.
997 2652 1023 2704 id
1035 2663 1073 2704 est
1078 2657 1163 2719 grotta
1169 2662 1198 2704 et
1202 2672 1252 2718 po-

189 2731 272 2798 gestis.
290 2730 358 2783 Vide
373 2731 447 2785 Cort.
462 2733 494 2784 ad
514 2733 616 2785 Sallust.
636 2732 694 2784 Cat.
741 2738 821 2784 tentia
834 2732 928 2783 llorere
943 2731 972 2782 in
985 2730 1064 2794 aulis,
1076 2729 1118 2781 vel
1128 2729 1252 2782 civitate:

188 2807 236 2872 38,
253 2828 272 2861 r.
282 2808 336 2861 Sed
344 2808 371 2861 hi
383 2809 544 2874 Diipotenles
554 2809 694 2862 dilleruut-
743 2810 778 2863 sic
790 2828 852 2879 ergo
862 2819 932 2861 recte
940 2807 1064 2876 distingui
1075 2817 1191 2876 pomum.
1199 2809 1253 2859 Po·

187 2905 223 2940 ne
240 2892 408 2950 ambitibus,
431 2908 576 2956 eorumque
591 2895 696 2955 penates
742 2897 821 2942 tentes
838 2907 901 2957 ergo
920 2887 965 2939 Dii
984 2898 1045 2939 sunt
1061 2886 1132 2939 Joris
1149 2886 1252 2951 amici,

189 2966 222 3018 ab
239 2964 345 3018 illorum
366 2966 457 3018 atriis?
481 2967 519 3019 Ea
537 2967 625 3036 opinio
646 2967 696 3019 tuit
743 2969 896 3030 consiliarii;
915 2972 997 3032 clari,
1011 2967 1055 3035 qui
1066 2964 1255 3034 antiquissimis

189 3044 284 3111 Rodii,
302 3045 346 3114 qui
359 3045 455 3098 Jovem
466 3056 493 3098 et
505 3046 642 3099 Junonem
653 3045 695 3098 hic
744 3046 801 3101 Diis
818 3046 915 3116 geniti,
932 3064 989 3097 non
1005 3062 1068 3096 vero
1084 3040 1208 3112 adscripti
1224 3053 1254 3096 et

190 3123 299 3195 intelligi
317 3124 429 3176 monuit.
449 3121 502 3175 Sed
522 3142 576 3175 non
595 3122 631 3174 ita
649 3132 695 3175 est.
743 3127 839 3195 recepti
853 3136 941 3194 postea
955 3125 981 3176 in
994 3123 1103 3188 caelum,
1121 3120 1158 3173 dii
1170 3122 1253 3185 sacti3

191 3200 278 3254 Antea
301 3206 414 3254 dextram
436 3205 572 3268 levamque
592 3210 695 3252 tautum
743 3212 865 3271 utpatres
874 3203 1008 3255 minorum
1017 3199 1182 3267 etmalorum
1190 3217 1253 3270 gen·

189 3288 442 3332 commemoraverat
455 3288 550 3348 poeta;
571 3279 624 3346 jam
640 3277 696 3331 loca
744 3282 810 3334 tium
821 3281 914 3333 Rome
927 3289 1009 3332 erant.
1021 3279 1119 3332 Boon.

193 3358 335 3411 accuratius
356 3357 448 3411 delinit
466 3373 473 3408 τ
488 3360 565 3411 Plebs
580 3360 698 3409 latrant
779 3362 832 3428 175.
843 3360 1077 3411 Srvertrsaudacu
1086 3358 1165 3408 detur.
1178 3353 1254 3408 Adu-

191 3438 367 3500 dr'eersalocr's,
375 3433 631 3506 diversislocis(rers.
639 3433 695 3504 40),
743 3440 804 3493 latio
816 3440 843 3491 in
855 3440 1019 3507 Augustum,
1031 3438 1105 3505 eujus
1116 3435 1211 3488 domus
1222 3435 1252 3488 in

190 3510 236 3565 sed
245 3516 340 3565 nobiles
349 3533 394 3566 seu
398 3521 514 3580 potentes
519 3535 537 3566 a
537 3514 638 3582 fronte,
652 3514 697 3566 sei·
744 3530 835 3572 monte
853 3517 971 3571 Palatino
981 3519 1109 3570 Palatium
1122 3513 1193 3567 dicta
1205 3523 1254 3567 est·

193 3590 253 3643 lieet
264 3591 355 3660 regalis
367 3592 467 3646 domus.
484 3593 559 3645 Adeo
571 3593 697 3644 insuere·
746 3596 904 3649 Constructa
921 3606 1010 3648 autem
1024 3604 1080 3647 erat
1090 3612 1121 3646 ex
1132 3592 1254 3661 pluribus

172 3677 250 3735 rat,
268 3676 373 3734 penates
392 3669 424 3722 de
444 3669 524 3722 domo
540 3669 642 3733 dicere,
667 3678 697 3720 ut
744 3672 857 3725 aedificiis
866 3672 1009 3724 minoribus
1017 3671 1045 3722 in
1057 3670 1135 3722 unius
1143 3669 1255 3723 maximi

192 3757 270 3814 poeta
282 3748 443 3799 nuncetiam
456 3745 488 3798 ad
503 3747 621 3799 Deorum
632 3746 697 3814 ipso·
744 3749 864 3820 speciem.
887 3749 920 3801 Er
934 3749 970 3802 sic
983 3746 1127 3817 comparari
1139 3765 1203 3800 cum
1218 3764 1254 3799 eo

192 3843 254 3877 rum
267 3824 359 3877 domos
370 3825 544 3878 transtulerit:
555 3828 586 3879 el.
602 3846 625 3880 r,
642 3829 696 3895 775.
745 3828 960 3898 poterateaelestis
969 3827 1010 3880 illa
1018 3825 1099 3879 sedes.
1116 3826 1180 3880 Non
1188 3824 1256 3879 dixit

193 3931 228 3944 ·-·
237 3906 330 3957 Ponere
338 3903 445 3969 domos,
461 3904 588 3967 condere;
606 3905 697 3958 (ἔπεσε
745 3911 816 3960 haud
822 3910 943 3967 dubitem,
956 3919 985 3960 ut
997 3905 1077 3959 MSS.
1088 3903 1198 3974 quidam
1205 3903 1257 3957 ha·

194 3987 276 4036 aiem
284 3990 360 4042 οἰκίας.
368 4012 401 4022 -
410 3985 523 4051 Clarr'que
532 4003 699 4051 saosposuere
745 3984 825 4051 bent,
840 3983 886 4037 sed
898 3983 1061 4036 reverentius
1071 3988 1180 4035 literam.
1190 3984 1258 4035 Au-

189 4066 302 4127 perates·
310 4061 404 4114 Hicest
412 4062 508 4132 aliquid
517 4063 586 4131 quod
596 4062 698 4115 auemi·
745 4064 845 4114 daciam
857 4080 931 4114 suam
944 4071 1054 4125 excusat,
1062 4078 1127 4125 uon,
1140 4069 1170 4111 ut
1181 4057 1259 4111 Len-

195 4158 228 4191 ne
247 4139 455 4192 animadversum
471 4142 546 4194 fuisse
565 4142 697 4205 demiror,
746 4139 799 4190 zius
816 4140 937 4207 putabat,
956 4149 985 4191 ut
1003 4137 1162 4190 deteriorem
1180 4135 1258 4188 Joris

195 4235 290 4285 nempe
301 4223 559 4286 ,potentesclariqum
573 4228 698 4270 ettamen
746 4215 863 4269 domum
875 4215 970 4283 palatio
984 4214 1093 4282 Augusti
1109 4213 1259 4265 declararet

195 4295 252 4364 quis
265 4294 407 4359 haeserat,
420 4297 468 4348 uisi
485 4295 530 4363 qui
541 4296 613 4347 omni
621 4315 699 4348 sensu
747 4293 861 4358 (sordida
874 4294 946 4346 euim
958 4294 1046 4345 suisset
1056 4292 1098 4345 illa
1110 4291 1257 4355 adulatio),

195 4372 317 4426 carminis
328 4383 413 4425 careat
425 4384 452 4425 et
464 4373 505 4426 cui
519 4392 560 4425 res
573 4394 587 4424 a
603 4372 698 4440 judicio
746 4373 790 4426 sed
799 4376 859 4442 quia
871 4374 966 4427 summi
977 4372 1027 4423 Dei
1036 4371 1146 4423 domum
1156 4409 1163 4435 ,
1174 4389 1260 4439 quem

196 4452 262 4504 male
281 4451 396 4504 habeat?
418 4452 467 4503 Alii
482 4453 586 4504 sortasse
606 4452 699 4506 melius
746 4456 818 4506 omni
831 4455 855 4507 h.
867 4454 882 4506 Ι.
896 4454 922 4505 in
934 4453 1044 4504 maxima
1053 4451 1190 4516 majestate
1202 4448 1260 4501 col·

195 4529 355 4597 conjeceriut
367 4529 467 4583 etmihi
478 4530 537 4583 satis
552 4550 605 4584 esse
621 4531 698 4584 debet
746 4530 828 4598 locat,
841 4551 901 4585 cum
910 4531 1025 4585 humana
1034 4539 1259 4582 etterrenacom-
