2662 5092
145 776 206 864 198

421 772 460 836 P.
487 771 662 839 ovloll
688 770 919 840 NASONIS

138 910 322 985 Edidicisse
338 910 424 985 suit:
441 909 585 984 satorum
603 939 721 985 areana
737 911 884 985 canebat.

136 1031 227 1122 Ergo
245 1028 305 1101 ubi
320 1028 481 1102 vaticinos
495 1028 650 1130 concepit
665 1045 775 1102 mente
793 1027 943 1113 littores,

138 1145 345 1247 Incaluitque
363 1147 456 1234 Deo,
476 1175 574 1248 quem
591 1145 739 1219 clausum
756 1164 891 1247 pectore
909 1144 1079 1235 babebat,

137 1261 293 1363 Adspicit
310 1261 469 1335 infantem
483 1291 490 1346 ;
515 1296 532 1327 «
552 1262 698 1362 ‘lotique
714 1260 863 1336 salutifer
878 1261 953 1334 orbi

140 1410 160 1442 »
180 1377 316 1463 Cresco,
336 1405 435 1477 puer,
455 1376 561 1450 dixit:
581 1378 642 1450 tibi
658 1405 692 1451 se
709 1375 860 1450 mortalia
875 1404 962 1477 sepe

139 1524 158 1556 »
180 1492 329 1593 Corpora
344 1492 539 1567 debebunt:
556 1494 680 1568 animas
696 1494 759 1567 tibi
776 1493 912 1567 reddere
930 1494 1079 1569 ademtae

139 1641 159 1675 »
179 1610 242 1683 Fas
256 1610 334 1697 erit;
354 1609 455 1709 idque
473 1609 573 1683 semel
589 1611 652 1684 Dis
672 1609 926 1706 indignantibus
942 1638 1065 1696 ausus,
1158 1632 1209 1701 645

136 1802 238 1874 ingrata
256 1805 375 1873 ejersdcrn
394 1805 452 1858 soni
473 1805 597 1874 repetitio
617 1806 644 1858 in

137 1903 233 1936 arcaea
244 1888 358 1937 canebat.
371 1884 423 1937 Sed
433 1884 492 1937 vide
504 1885 536 1937 ad
547 1886 558 1937 l
569 1925 576 1952 ,
591 1906 645 1958 oqq.

136 1991 169 2003 -
182 1963 333 2013 Edidr'cose.
351 1963 447 2016 Noster
463 1962 513 2015 boc
525 1962 643 2015 vocabu-

135 2040 192 2093 lum
209 2040 358 2107 frequentat
376 2060 442 2109 pro,
460 2039 576 2107 discere,
598 2060 644 2093 co·

137 2136 283 2186 gnoscere,
305 2117 377 2181 Vll,
398 2139 447 2190 poa
468 2119 555 2183 Xlll,
577 2118 642 2183 246;

137 2193 249 2248 Heroid.
260 2194 329 2260 Vll,
348 2197 409 2256 rbo;
423 2196 480 2258 lll,
496 2196 573 2248 Pont.
585 2211 642 2259 vu,

135 2276 164 2340 4.
185 2272 279 2340 quibus
296 2272 324 2324 in
340 2271 401 2325 locis
420 2274 528 2325 varietas
545 2284 643 2325 notata.

135 2352 228 2421 Neque
238 2352 396 2406 Ovidbunc
409 2354 465 2419 ejus
477 2372 553 2405 arsum
566 2372 642 2407 nova·

134 2431 188 2496 vit,
209 2440 238 2483 ut
255 2430 346 2483 Burm.
364 2431 487 2500 putabat;
508 2431 552 2484 sed
568 2433 643 2485 itaet

136 2507 352 2576 cic.1)iv.1,t7,·
366 2508 452 2561 Tibul
466 2509 507 2575 ll,
518 2524 556 2574 11,
568 2530 644 2562 ra.—

132 2590 250 2640 Fotorum
259 2607 355 2640 arcora
364 2591 486 2649 canebat,
500 2599 641 2643 vateserat.

136 2668 231 2717 Currere
238 2664 270 2717 de
279 2665 405 2719 vaticiniis
413 2677 440 2719 et
449 2667 557 2720 oraculis
566 2707 573 2733 ,
584 2686 642 2736 quae

133 2742 196 2794 olim
206 2742 321 2795 versibus
328 2745 479 2813 consignata
489 2745 641 2798 edebantur.

134 2821 191 2873 Nec
205 2831 294 2873 tamen
309 2821 420 2875 omnino
432 2822 549 2892 displicet
561 2824 642 2877 altera

131 2898 224 2963 lectio,
240 2901 361 2951 mouebat.
378 2901 479 2952 Monere
490 2903 561 2954 enim
574 2921 641 2970 pro-

132 2977 189 3047 prie
202 2975 326 3030 dicuntur
334 2996 390 3030 oon
401 2977 482 3030 modo
494 2998 605 3048 augures
615 2991 642 3034 et

133 3055 280 3124 aruspices,
299 3053 345 3107 sed
364 3055 443 3108 etiam
465 3056 506 3108 vel
527 3057 640 3111 maxime

134 3133 237 3186 oracula
250 3143 276 3185 et
287 3144 366 3187 vates.

165 3212 223 3278 (340.
242 3214 383 3264 P'atr'ce'rros.
396 3212 456 3264 lloc
467 3212 641 3280 restituimus,

93 3326 101 3343 0
133 3289 215 3344 MSS.
224 3290 400 3359 plurimorum
409 3290 591 3344 auctoritatem
600 3311 643 3345 se-

133 3370 215 3437 quuti.
232 3369 375 3433 Heinsius,
389 3387 419 3420 er
433 3388 487 3420 nno
497 3369 640 3436 Urbinate,

130 3448 400 3514 invexeratsatriir‘cos.
408 3448 547 3514 Nonnulli,
552 3448 642 3517 sertr'ca'·

132 3545 186 3578 reos.
203 3526 263 3577 Non
277 3527 375 3579 mirum
388 3537 425 3579 est
442 3526 497 3579 lroec
513 3526 562 3579 tria
573 3544 641 3599 saepe

131 3623 186 3657 esse
205 3614 379 3673 permutataa
394 3604 511 3658 librariis.
527 3634 559 3645 -
573 3600 643 3673 Er5o

130 3687 230 3734 obr'etc
243 3679 406 3735 Describitur
417 3683 512 3736 mulier
525 3708 641 3757 ppt-repe-

131 3771 185 3828 rte,
200 3760 312 3815 fatidica.
328 3762 507 3816 vaticinantes
519 3762 591 3816 enim
602 3764 640 3816 su·

131 3858 191 3892 rore
200 3839 290 3892 divino
298 3840 370 3909 rapi,
386 3846 528 3909 menteque
539 3840 640 3894 moveri

130 3915 322 3981 credebantur,
336 3915 406 3968 unde
415 3916 494 3969 iidem
503 3924 638 3984 autom,

131 4000 318 4067 &rofopao'peuee,
334 3998 501 4060 iairoorciarre,
515 3996 639 4050 diceban-

131 4083 182 4126 tur.
191 4070 409 4123 Dicunturllcom
415 4078 637 4140 acceperepeclore·,

130 4152 243 4200 clausum
252 4156 332 4199 tencre
336 4157 451 4214 pectore,
465 4159 639 4215 erculercpec·

131 4234 190 4278 lore.
205 4224 298 4276 Senec.
309 4224 398 4293 OEdip.
410 4246 474 4278 vers.
488 4227 551 4296 298,
568 4237 638 4280 rates

126 4310 227 4371 pectore
237 4306 333 4353 exculti
342 4304 431 4353 Deum.

164 4382 220 4448 642.
241 4382 266 4431 Τ
263 4383 345 4446 otique
356 4380 474 4446 sololiser
485 4382 544 4430 orbi.
560 4378 637 4432 Geb-

130 4458 228 4512 hardus
238 4456 299 4527 legit
308 4459 374 4517 orbi,
387 4455 452 4509 etde
463 4456 546 4508 Roma
554 4458 635 4527 capit,

131 4552 183 4601 equo
197 4534 334 4589 translatus
345 4544 433 4604 postea
444 4532 577 4604 Epidauro
588 4535 636 4587 suit

1162 1051 1214 1120 aaa

695 1805 866 1875 AEsenlapius.
879 1805 1026 1859 blirilicam
1037 1807 1158 1876 prolecto
1165 1827 1209 1861 ra-

695 1895 748 1937 tem
760 1884 835 1936 nobis
847 1882 978 1936 exhibuit!
994 1912 1029 1925 —
1042 1884 1135 1938 Nostri
1147 1884 1208 1939 Co-

693 1956 762 2012 dices
775 1959 851 2029 llegii
864 1959 963 2013 habent
972 1967 1093 2029 [σῶμα
1103 1972 1207 2015 utrom-

693 2057 744 2106 que
751 2048 828 2091 recte.
839 2040 923 2089 la'd.-
928 2040 1010 2107 Tolr'p.
1015 2040 1140 2109 salutifer
1147 2046 1204 2095 edr'.

693 2115 856 2185 AEsculapius
873 2116 945 2167 enim
960 2114 1030 2170 adeo
1041 2130 1168 2187 pratens
1178 2119 1202 2173 in

694 2193 828 2247 Medicina
844 2195 909 2260 luit,
927 2206 956 2249 ut
972 2197 1057 2250 etiarn
1071 2198 1201 2271 Hippoly-

693 2281 750 2323 tum
760 2272 791 2324 ab
803 2272 893 2326 inseris
903 2277 1070 2329 revocaverit
1080 2298 1088 2342 3
1100 2286 1200 2347 propter

692 2348 762 2418 quod
772 2369 786 2402 a
795 2350 861 2403 Jove
871 2350 982 2404 fulmine
991 2354 1042 2405 suit
1051 2354 1196 2419 exstinctus,

692 2448 722 2481 ac
741 2439 829 2497 postea
846 2428 920 2481 Deus
933 2431 1053 2483 ellectus.
1068 2432 1119 2484 Ed.
1130 2430 1197 2484 -Λ

692 2506 770 2560 Celso
789 2509 817 2560 in
837 2509 990 2577 pretatione
1006 2551 1013 2575 ,
1040 2510 1196 2581 AEsculaplus

691 2586 1098 2654 numeraturprimusmedicos,
1112 2589 1197 2658 quiru-

691 2661 752 2714 dem
771 2663 855 2717 adbuc
869 2665 1008 2718 seientiam
1026 2666 1109 2735 paulo
1123 2664 1194 2720 subti-

691 2741 739 2795 lius
759 2743 907 2795 excoluerit.
932 2742 1060 2797 Clinicerr
1080 2744 1193 2813 reperior

692 2822 804 2875 traditur
817 2824 848 2876 ab
861 2824 961 2895 llygin.
973 2824 1025 2876 lab.
1034 2828 1095 2893 ²7⁴·
1107 2824 1192 2877 Etno-

690 2919 752 2952 men
775 2910 871 2976 σωτὴρ,
900 2900 1036 2967 salutifer,
1066 2900 1191 2956 multisin

690 2979 807 3031 numanis
823 2980 846 3031 ei
866 2979 1010 3032 tribuitur:
1027 2980 1091 3034 side
1113 2980 1192 3055 Spq·

690 3055 760 3108 bem.
773 3056 805 3108 <le
824 3056 882 3109 Usu
895 3068 922 3109 et
934 3059 1088 3125 prestantia
1099 3056 1192 3111 numis-

692 3146 811 3200 matum,
826 3155 850 3204 p.
862 3136 926 3201 415,
939 3147 1001 3205 etp.
1014 3144 1075 3191 Son.
1087 3136 1192 3191 Melies:

692 3213 764 3265 enirn
774 3214 833 3266 felis
845 3218 951 3266 salntem
961 3215 978 3266 i.
989 3234 1012 3267 e.
1024 3214 1191 3269 valetudinem

692 3290 779 3344 reddit
791 3291 983 3359 aegrotantibus.

725 3368 781 3435 643.
798 3370 1073 3423 Ii'br'semorlaliaetc.
1082 3368 1151 3439 Sept
1156 3384 1190 3419 Vt·

691 3445 837 3499 letudinem
847 3464 989 3517 corporum
999 3466 1112 3501 suorum
1120 3446 1190 3503 etri·

691 3536 745 3578 um
756 3524 800 3577 tibi
809 3524 943 3578 debebunt
950 3526 1189 3581 mortales-Asi-

689 3621 745 3654 mas
762 3606 863 3655 reddere
880 3607 1012 3661 adoratas.
1034 3614 1151 3658 mortuos
1166 3602 1189 3655 iu

690 3681 770 3733 vitam
783 3699 922 3745 revocare,
939 3682 1059 3749 tr'br‘firs,
1082 3680 1189 3753 possibile

690 3758 752 3825 erit,
766 3757 793 3809 in
807 3768 851 3811 tua
861 3768 989 3827 potestate
999 3760 1058 3811 erit.
1072 3758 1189 3812 Pindarus

690 3835 768 3906 Pytlr.
780 3837 812 3900 3,
826 3836 872 3901 83,
891 3846 997 3897 narrat,
1018 3856 1083 3890 eum
1099 3836 1189 3890 berbe-

688 3932 749 3965 rum
767 3912 865 3979 succis,
885 3914 1065 3982 carminibus,
1081 3911 1189 3967 amuletis

688 4002 715 4044 et
733 3993 805 4044 serm
823 3992 931 4045 morbos
947 4012 1070 4061 sanasse,
1091 3994 1189 4047 votnm

688 4083 765 4140 atque
773 4072 857 4125 calore
865 4074 1013 4142 autsrigore
1020 4074 1091 4128 male
1100 4074 1188 4129 adlecta

688 4169 817 4220 corpora,
843 4162 900 4203 tum
924 4152 1031 4204 avaritia
1055 4152 1188 4207 adductum

687 4242 824 4283 mortuum
843 4230 955 4299 aliquem
975 4233 1001 4283 in
1019 4232 1102 4285 vitam
1119 4249 1188 4285 reso·

686 4327 763 4359 casse.
775 4308 876 4361 Similia
887 4308 1054 4380 Pherecydes
1065 4321 1093 4363 et
1101 4310 1189 4363 llesio·

686 4385 735 4438 dus
749 4386 929 4453 tradiderunt,
946 4388 1016 4441 unde.
1033 4390 1121 4443 Schol.
1135 4389 1188 4442 Eu-

685 4464 733 4533 rip.
747 4464 777 4516 ad
792 4466 847 4518 Alc.
860 4488 890 4532 a,
905 4467 1033 4520 nonnulla
1043 4468 1135 4521 adfert

718 4540 774 4606 645.
789 4543 872 4594 Semel
879 4562 963 4595 ausos.
973 4544 1069 4611 Quem
1079 4542 1189 4598 AEisrula·
