2662 5092
297 809 817 879 METAMORPHOSEON
847 812 945 878 LIB.
975 812 1068 880 VII.
1140 809 1206 902 539

148 950 237 1025 Scire
252 950 395 1050 :pedum
413 948 538 1022 calidus
553 949 689 1044 vestigia
709 947 818 1052 pulvis
836 948 998 1040 babebat3
1157 971 1206 1042 775

147 1067 223 1166 lpse
240 1064 346 1140 oculis
362 1084 494 1166 ereptus
511 1082 579 1139 erat
592 1096 600 1138 :
615 1094 685 1138 non
706 1065 799 1138 ocior
814 1063 874 1137 illo
908 1117 910 1121 -
975 1118 980 1128 .

150 1185 273 1270 Hasta,
288 1211 347 1258 nec
364 1211 506 1257 excusse
524 1198 677 1255 contorto
693 1180 826 1255 verbere
843 1178 1002 1275 glandes,

149 1301 218 1372 Nec
238 1298 438 1399 Gortyniaco
457 1296 600 1373 calamus
617 1295 698 1370 levis
717 1297 785 1371 exit
800 1294 842 1368 ab
862 1323 949 1368 arcu.

152 1413 257 1488 Collis
275 1443 357 1514 apex
374 1414 473 1488 medii
490 1412 646 1512 subjectis
663 1412 813 1485 imminet
821 1411 912 1485 urvis
926 1440 933 1482 :

150 1529 267 1604 Tollor
284 1559 343 1617 eo,
362 1531 524 1631 capioque
542 1529 621 1602 novi
638 1525 824 1629 spectacula
839 1554 979 1600 cursus:
1160 1553 1209 1619 780

151 1647 230 1742 Quo
248 1646 350 1718 modo
364 1645 541 1747 deprendi,
558 1643 660 1718 modo
679 1669 714 1717 se
732 1642 914 1717 subducere
932 1641 1062 1745 abipso

150 1760 294 1835 Vulnere
311 1762 380 1834 visa
396 1761 464 1836 sera
481 1779 531 1836 est
546 1791 554 1833 :
571 1788 630 1834 nec
644 1759 748 1832 limite
766 1757 884 1832 callida
901 1776 1012 1846 recto,

151 1879 192 1950 ln
210 1877 390 1977 spatiumne
407 1875 511 1972 sugit3
528 1875 586 1949 sed
605 1874 727 1975 decipit
745 1903 802 1948 ora
820 1875 1007 1976 sequentis,

150 1994 196 2064 Et
211 1990 298 2064 redit
315 1990 350 2062 in
369 2017 504 2090 gyrum,
522 2016 565 2062 ue
582 1989 626 2062 sit
643 2018 724 2063 suus
742 1989 887 2089 impetus
904 1988 1004 2063 hosti.

153 2106 311 2180 Imminet
323 2105 397 2192 hic,
412 2105 627 2206 sequiturque
645 2133 758 2206 parem
772 2135 780 2177 :
795 2103 978 2205 similisque
992 2102 1116 2177 tenenti
1164 2124 1212 2193 78⁵
1291 2190 1295 2199 Ι

151 2225 230 2297 Non
248 2240 355 2310 tenet,
372 2240 406 2296 et
421 2249 543 2295 vacuos
560 2238 687 2295 exercet
701 2221 736 2294 in
753 2249 827 2294 aera
842 2247 981 2293 morsus.

154 2340 207 2414 Ad
222 2337 320 2439 jaculi
336 2337 486 2412 vertebar
504 2364 623 2437 opem:
639 2337 731 2437 quod
745 2336 878 2410 dextera
892 2335 994 2409 librat

154 2456 245 2528 Dum
260 2481 350 2540 mea,
368 2453 447 2525 dum
464 2451 588 2547 digitos
604 2451 741 2525 amentis
758 2450 870 2525 indere
888 2468 1002 2537 tento,

154 2569 295 2644 Lumina
310 2566 446 2654 deflexi,
465 2582 678 2667 revocataque
693 2595 816 2668 mran
827 2566 944 2641 eodem

156 2683 378 2770 Rettuleram3
396 2681 528 2769 medio,
546 2681 685 2755 mirum!
706 2682 773 2756 duo
790 2710 954 2757 marmora
970 2709 1085 2782 campo
1165 2719 1214 2772 790

156 2799 315 2901 Adspicio
331 2798 465 2893 :sugere
482 2798 566 2887 hoc,
586 2796 670 2873 illud
685 2797 803 2874 latrare
821 2815 965 2899 putares.

153 3045 155 3049 ¹
189 3019 243 3086 775.
256 3012 658 3084 Calidoninquocalideadbuc,
707 3013 916 3085 mrsus(olim,
935 3023 962 3067 et
976 3012 1004 3066 in
1016 3011 1105 3082 Regiis
1120 3010 1215 3064 nostris

153 3093 284 3160 recentia,
296 3093 400 3161 vestigia
412 3092 517 3161 pedum.
529 3118 561 3133 ·-
575 3094 660 3145 Glan-
707 3092 796 3145 minus
807 3091 874 3145 bene
885 3110 965 3144 vanos
973 3089 1001 3160 ),
1014 3089 1079 3143 dum
1090 3088 1179 3159 vulpes
1187 3107 1215 3141 se

153 3177 198 3225 des
214 3172 350 3241 plumbeo.
368 3169 524 3237 Cretenses,
546 3188 660 3239 quorum
708 3168 828 3222 subducit
839 3169 982 3233 morsibus,
996 3179 1025 3221 ut
1034 3167 1105 3221 canis
1117 3166 1154 3220 nit
1166 3164 1216 3219 nisi

154 3252 215 3304 urbs
229 3255 353 3323 Gortyue,
370 3252 522 3306 nobilissimi
534 3262 610 3305 erant
620 3252 661 3320 ja·
709 3243 1216 3316 aeramordest.Exemplasimiliahebet

154 3329 295 3394 cuistores,
308 3332 662 3401 pruentisimosquesacie·
711 3325 804 3379 Heins-
816 3325 917 3376 Morsus
928 3342 1040 3377 exercerc
1053 3321 1218 3390 nquifflffl,

155 3407 219 3458 bant
231 3425 304 3460 arcus
315 3417 342 3459 et
352 3408 462 3476 sagittas.
482 3408 599 3476 Confer,
617 3408 669 3476 ll„
711 3422 790 3471 quam
802 3400 931 3454 mordere.
944 3399 1026 3454 Paulo
1038 3399 1121 3464 aliter,
1131 3397 1215 3464 VIII,

157 3501 220 3550 727³
238 3482 315 3548 xw,
335 3485 434 3537 tsn—
446 3487 553 3548 Verber,
573 3486 660 3538 lorum
709 3481 777 3547 826,
796 3482 906 3533 Exercet
925 3482 982 3532 cr'bo
1004 3480 1116 3529 delusum
1133 3482 1220 3545 guttur

155 3557 378 3620 funda-Exit,
391 3559 483 3613 avolat.
630 3568 639 3585 ¹·
708 3563 787 3611 r'rraue'.
807 3586 840 3598 -
855 3559 1002 3617 Ameotum,
1021 3554 1216 3621 loramentum,

189 3637 245 3706 780.
259 3640 391 3689 Tollantur
401 3656 459 3690 aves
472 3638 499 3689 in
511 3656 585 3705 aere,
599 3637 662 3692 binc
710 3634 780 3702 quod
794 3634 938 3687 addebstur
955 3632 1041 3700 jaculo
1052 3629 1217 3697 emittendo,

156 3724 183 3767 et
202 3714 246 3783 qui
263 3713 425 3767 adscendunt
442 3716 469 3767 in
488 3725 616 3786 montem.
629 3725 665 3754 -'
710 3730 845 3782 manuque
862 3712 1024 3765 retinebatur
1041 3711 1085 3764 itto
1104 3710 1217 3764 emisso:

159 3794 238 3859 Capro
253 3796 414 3859 spectacula,
434 3803 538 3862 specto,
554 3802 584 3845 ut
603 3792 661 3858 111,
711 3791 778 3856 ΧΙΙ,
792 3791 836 3842 321
847 3829 855 3856 ,
867 3795 972 3842 inserere
978 3795 1078 3842 amento
1084 3791 1219 3856 dmitos.-

156 3872 212 3938 246.
221 3899 254 3910 -
262 3873 337 3932 Nori,
356 3871 473 3924 inauditi.
485 3871 611 3940 Sequitur
622 3871 662 3924 io·
711 3872 799 3921 ludere
812 3886 860 3938 pro
872 3871 962 3920 addere
973 3887 987 3920 e
998 3875 1148 3937 pervetusto
1157 3863 1219 3919 Co-

156 3968 201 4002 cus
218 3967 273 4001 non
292 3949 378 4002 minus
394 3951 526 4018 ingeniose
538 3949 662 4019 scriptus,
712 3946 768 4000 dice
787 3947 886 4016 primus
905 3945 1004 3999 notavit
1024 3955 1051 3998 et
1069 3942 1220 4014 approbavit
1258 3984 1259 3988 ,

156 4027 256 4095 quami
264 4067 272 4093 ,
286 4028 333 4080 533
344 4046 399 4097 sqq.
412 4046 491 4096 quem
501 4028 664 4080 conseras.-
712 4024 890 4096 Marisngelus
904 4025 1050 4078 Accursius.
1070 4023 1179 4076 Habent
1191 4032 1220 4077 et

155 4107 260 4171 Decipit
270 4104 411 4173 exquisito,
424 4105 522 4174 effugit.
535 4132 569 4146 —
580 4106 621 4160 Ne
629 4108 666 4155 sr't
712 4105 799 4175 piures
806 4105 847 4158 stit
855 4105 935 4159 MSS.
946 4104 1017 4158 unde
1029 4103 1143 4172 pretulit
1151 4101 1221 4155 Bur·

156 4201 217 4236 sues
228 4194 291 4250 etc,
304 4203 337 4237 ne
351 4185 388 4237 uti
401 4183 479 4253 possit
490 4185 603 4254 impetu,
610 4201 664 4253 quo
712 4202 916 4253 mannusquum
925 4181 1027 4236 Heinsii
1041 4181 1153 4235 alterum
1162 4198 1219 4235 non

156 4264 221 4317 solet
234 4265 260 4318 in
274 4263 386 4334 pradum
400 4265 471 4317 ferri.
712 4273 855 4331 sperneret.
869 4261 944 4331 Regii
956 4260 1051 4326 nostri,
1064 4261 1162 4313 addere.

191 4343 245 4408 785.
257 4345 361 4402 Parem,
375 4361 471 4410 nempe
481 4361 565 4396 cursu.
574 4343 664 4396 Verbo
747 4361 802 4414 79⁰·
818 4343 947 4393 Revocatae
958 4332 1100 4394 rettulerant
1115 4358 1131 4393 e
1147 4339 1222 4409 copia

156 4425 299 4472 inminet...
308 4427 374 4472 tenet
379 4419 585 4476 condonabimus
591 4421 667 4491 inge·
713 4420 830 4490 poetica,
843 4438 926 4488 quum
933 4419 1088 4473 alterutrum
1094 4417 1155 4472 satis
1162 4417 1222 4470 suis·

157 4499 203 4550 nio
214 4497 320 4564 Ovidii,
336 4498 406 4567 quod
419 4498 498 4553 nimis
508 4500 666 4553 immoretur
713 4512 800 4555 set-
811 4501 875 4555 Post
886 4505 1037 4563 rettuleraor,
1051 4498 1147 4553 nostris
1162 4496 1221 4549 Co-

158 4577 288 4647 ejusmodi
302 4579 388 4635 rebus
409 4578 464 4635 Sed
480 4578 550 4635 bene
569 4599 666 4637 uacuus
714 4579 947 4635 disuniuntur
962 4585 1003 4644 et,
1023 4573 1220 4648 qusparttests
