2662 5092
153 672 218 756 450
421 618 468 735 i».
497 669 675 737 ovrnn
696 668 925 741 nasonis

155 814 295 909 Orneere
311 838 391 884 suos
405 809 452 883 ire
468 808 508 883 ad
527 808 645 883 solatia
657 837 773 906 reges,

152 930 343 1026 Argosque,
362 943 395 998 et
411 924 549 1025 Sparte,
567 924 848 1025 Pelopeiadesque
864 926 1037 1028 Mycena,

152 1045 198 1116 Et
213 1041 361 1116 nondum
379 1057 479 1116 torve
494 1040 643 1143 Calydon
659 1041 765 1117 invisa
780 1042 919 1130 Dianae,
1154 1070 1195 1136 415

153 1158 449 1258 Orchomenosque
466 1156 574 1245 ferax,
593 1156 766 1232 et·nohilis
782 1187 847 1233 aere
863 1159 1069 1257 Corinthos,

152 1276 369 1375 Messeneque
385 1273 499 1361 ferox,
519 1274 711 1374 Patraeque,
729 1271 944 1375 humilesque
961 1274 1111 1363 (leone,

148 1481 265 1515 sororem
284 1460 439 1527 advexisset,
458 1461 575 1530 primurn
594 1481 653 1516 earn
704 1460 829 1530 quoniam
847 1460 889 1516 hse
901 1473 958 1517 tres
973 1464 1050 1519 nrbes
1066 1465 1159 1520 Jnnoui
1173 1470 1194 1520 iu

147 1541 233 1606 vitiet,
247 1558 322 1604 mox,
335 1560 369 1594 ne
379 1550 454 1609 turpe
461 1539 591 1609 flagitium
603 1540 654 1593 elo-
701 1538 793 1608 primis
801 1540 1047 1611 esra-Calydon.
1061 1543 1196 1614 AEtolreop

149 1618 192 1686 qui
201 1629 294 1685 posset,
303 1618 419 1688 linguam
425 1617 449 1670 ei
456 1628 563 1672 exsecat.
570 1619 653 1673 Proe-
702 1617 810 1689 pidum,
828 1619 857 1672 in
871 1638 926 1688 quo
938 1622 1031 1674 Βίαν
1042 1621 1196 1693 Laphriapo·

147 1715 197 1761 ne,
209 1695 363 1764 recognita,
374 1693 541 1748 additseeleri
553 1696 651 1760 seelus;
701 1697 830 1751 tissimum
849 1697 995 1750 colebatur.
1017 1698 1083 1767 Eius
1099 1698 1156 1753 llere
1164 1700 1195 1753 si-

149 1775 209 1846 ltyn
228 1774 300 1826 enim
316 1773 400 1826 tilium
416 1773 584 1828 interfectum
600 1794 653 1843 ap·
701 1794 785 1844 gnum
794 1776 971 1830 memorabile
984 1777 1195 1848 Auqnstnsmbla-

148 1853 222 1921 ponit
234 1852 329 1904 Tereo.
346 1853 371 1905 ls
382 1870 465 1921 quum
475 1853 615 1924 conjugem
626 1865 653 1907 et
702 1864 760 1906 tum
779 1854 955 1908 Patrensibus
970 1854 1087 1910 donavit.
1103 1857 1194 1911 Pansa.

147 1948 265 1982 sororem
278 1920 491 1998 persequeretur,
504 1929 547 1982 illa
560 1942 653 1983 muta-
702 1931 815 1984 Messen.
824 1932 920 2001 p.357;
934 1931 1043 1986 Aehaie„
1049 1934 1196 2007 p.5fiq'l'nn

148 2018 192 2059 tur
202 2007 230 2060 in
242 2005 413 2061 hirundinem
425 2047 433 2071 ,
457 2007 513 2061 hnc
528 2007 557 2060 in
569 2007 652 2062 lussi-
702 2007 918 2060 nondums'm'sae
927 2017 1013 2069 torre.
1025 2009 1106 2075 irate,
1115 2012 1195 2063 Deire.

146 2084 238 2151 niam,
257 2085 310 2153 ipse
332 2084 358 2136 in
379 2104 503 2152 upupam.
527 2086 652 2138 Fabulam
701 2085 770 2138 Vide
784 2084 815 2137 ad
830 2084 919 2150 Vlll,
942 2107 991 2157 aps
1003 2104 1060 2157 sqq.
1073 2087 1194 2151 Similiter,

148 2172 323 2221 tractaverant
337 2161 452 2232 AEsehyl.
465 2172 492 2214 et
504 2163 653 2231 Sophocles.
702 2164 824 2235 11,219‚
840 2167 955 2217 nondun
970 2166 1098 2233 OEqrs'ss.

148 2239 261 2306 Respicit
272 2257 330 2291 eam
345 2238 424 2290 etiarn
437 2237 583 2305 Hesiodus,
599 2232 653 2310 ἔῃ.
708 2250 712 2259 “
736 2240 792 2307 415.
812 2240 996 2294 Orcho-ems.
1014 2240 1083 2295 Due
1096 2242 1193 2295 lnerein

147 2318 204 2370 588.
217 2315 319 2369 Confer
331 2316 442 2369 Pausan.
462 2315 539 2370 Arria
554 2336 579 2385 p.
603 2318 651 2383 13,
702 2315 802 2369 Graecia
812 2314 892 2383 hujus
900 2318 1026 2372 nominis
1033 2317 1194 2383 urbes,slters

150 2414 214 2459 ιοο;
235 2394 315 2449 Phoe
329 2415 354 2464 p.
369 2396 435 2462 8073
453 2394 573 2463 Apollod.
590 2395 652 2462 lll,
700 2392 728 2447 in
742 2391 868 2457 Arcadia,
886 2392 975 2449 altera
989 2396 1019 2448 in
1033 2396 1139 2459 Bootis,
1149 2393 1194 2447 Or·

147 2489 211 2539 nv,
228 2474 244 2525 8
254 2495 260 2534 ;
280 2471 399 2525 Eustatlr.
418 2471 452 2525 ad
471 2471 524 2527 od.
543 2493 568 2542 p.
587 2493 653 2544 7103
699 2467 841 2523 chemenos
854 2468 982 2541 Minyeia
993 2470 1073 2527 dieta.
1083 2470 1195 2541 Equidem

147 2546 653 2619 Treta.Chil.Vll,1423HyginJab.
699 2563 761 2598 cum
778 2544 886 2617 Micyllo
904 2557 934 2599 et
951 2547 1112 2601 Burmanno
1127 2557 1196 2617 putu»

146 2629 185 2692 45.
203 2626 345 2681 Diversum
358 2626 480 2698 raythum
494 2628 521 2683 iu
534 2629 605 2683 suavi
616 2629 654 2682 si·
703 2624 831 2681 Ovidium
843 2625 1006 2683 Arcadicum
1017 2630 1048 2682 in
1060 2640 1143 2683 mente
1154 2626 1197 2680 lra-

146 2702 295 2756 militudine
306 2714 436 2757 memorat
447 2705 590 2769 Homerus,
598 2704 652 2760 od.
699 2703 798 2769 buisse,
810 2704 885 2773 eujus
896 2705 967 2758 situs
976 2717 1006 2759 et
1016 2704 1197 2760 memorabilia

147 2781 181 2847 T,
195 2785 259 2848 518,
272 2782 316 2835 ubi
332 2781 460 2835 Pandarei
473 2782 525 2835 filia
536 2783 563 2835 in
575 2782 653 2837 lusci-
700 2779 846 2847 Pausania,
865 2780 966 2834 Arcad.
984 2803 1013 2852 p.
1030 2784 1099 2851 625,
1114 2781 1196 2836 doem‘·

145 2859 216 2912 niam
236 2870 337 2914 mutata
352 2859 424 2928 luget
439 2860 537 2932 ltylum
550 2861 652 2928 lilium,
699 2857 805 2911 buntur.
814 2859 855 2913 Ab
866 2859 1007 2930 Homero,
1016 2863 1049 2918 ll.
1057 2863 1199 2929 B,bou,ro-

145 2956 225 3007 quem
236 2937 391 3007 imprudens
404 2957 454 2993 ere
468 2939 605 2994 interserit.
620 2940 652 2992 ln
699 2948 772 2991 eatur
783 2941 910 3006 estlpstn
918 2961 927 3004 ς
936 2959 953 2993 a
965 2941 1097 3008 Pindaro,
1106 2940 1197 3013 Olymp.

145 3015 401 3071 alladiscessitetiam
411 3016 497 3071 Boeus
509 3017 580 3085 apud
593 3017 653 3070 An·
700 3014 753 3068 Od.
765 3014 843 3079 XIV,
857 3018 889 3082 4,
903 3022 1011 3094 λιαρὴ
1029 3020 1062 3073 ab
1076 3017 1197 3089 Apollonio

147 3106 200 3148 ton.
210 3093 266 3147 Lib.
277 3112 332 3161 cap.
347 3114 384 3146 ιι.
394 3094 433 3147 Es
442 3105 531 3146 mente
540 3095 652 3148 Pausan.
700 3091 822 3158 Rhodio,
836 3093 898 3159 lll,
912 3098 984 3160 lira,
1003 3098 1101 3164 ιἰμιός,
1114 3094 1199 3149 ethius

144 3173 245 3227 Tereus
256 3171 310 3239 ipse
322 3180 436 3223 mortem
448 3170 496 3223 sibi
509 3171 650 3238 conscivit,
699 3188 713 3222 a
726 3170 840 3235 Nostro,
849 3170 942 3237 ferax.
960 3199 996 3213 ·-
1007 3176 1107 3228 Nostris
1119 3192 1164 3224 en.
1174 3170 1199 3223 si

87 3247 91 3257 '
144 3261 171 3303 et
180 3251 208 3303 iu
217 3247 320 3301 tumulo
335 3249 392 3314 eius
404 3247 489 3316 prima
500 3266 587 3316 upupa
598 3248 652 3301 visa
697 3267 732 3300 σε
741 3250 1118 3317 Corsntdsbmcasuortumest,
1127 3269 1199 3319 quum

143 3339 189 3382 est.
204 3326 330 3381 Mulieres
343 3335 448 3388 autem,
462 3342 520 3391 que
533 3325 651 3380 Athenas
699 3324 760 3377 urbs
772 3343 787 3376 n
799 3325 938 3379 Mummio
948 3341 1114 3384 cremaretur
1123 3329 1199 3395 (iios.

144 3409 282 3474 sugerunt,
294 3403 380 3470 ibique
391 3419 444 3470 pras
451 3399 541 3458 dolore
553 3414 651 3457 eonta-
701 3401 744 3469 ll,
759 3402 788 3456 ιθ
797 3403 825 3468 ),
840 3404 980 3472 quomodo
989 3407 1049 3474 ism
1061 3419 1115 3461 tum
1122 3409 1199 3459 sobriis

143 3483 275 3548 buerunt,
294 3482 321 3534 in
332 3477 505 3533 hirundinem
523 3490 550 3532 et
567 3479 651 3535 lusci-
696 3496 810 3531 arcesse
830 3480 941 3547 potuit?
962 3482 1065 3553 Neque
1082 3505 1097 3539 e
1112 3483 1196 3537 veriore

143 3561 215 3613 niam
227 3570 334 3613 mutate
344 3557 508 3624 creduntur,
526 3558 596 3626 quod
609 3558 650 3613 has
697 3556 798 3609 ratione
810 3574 904 3610 eorum
917 3597 926 3623 ,
949 3561 997 3627 qui
1015 3563 1063 3615 elin
1080 3573 1137 3617 snte
1149 3559 1197 3613 co-

142 3655 200 3689 aves
212 3646 304 3690 cantus
315 3635 475 3691 miserabiles
484 3645 510 3689 et
519 3636 649 3690 luctuosos
696 3631 778 3685 rintlri
788 3631 918 3687 excidium
931 3647 990 3691 arte
1000 3650 1135 3708 repertum
1146 3636 1196 3691 illul

142 3712 233 3766 edunt.
442 3745 447 3756 ·
697 3709 895 3777 recensebant,
909 3711 1196 3782 Plinius,xxxll',s,

174 3791 230 3856 4¹³·
245 3791 293 3843 Ad
305 3792 414 3851 solatiis,
433 3789 529 3845 seilicet
544 3788 646 3855 danda,
695 3785 740 3839 illo
762 3796 879 3856 tempore
899 3789 938 3842 sie
955 3789 1010 3844 dici
1026 3805 1143 3862 poterat,
1160 3790 1196 3845 sed

140 3866 210 3920 irent
228 3866 399 3920 consolatum.
423 3867 508 3921 Simili
538 3866 648 3921 transitu
696 3868 792 3923 Noster
803 3889 851 3923 suo
868 3889 944 3926 more
959 3891 1025 3927 eam
1042 3875 1196 3946 designante

139 3943 193 4008 jam
206 3963 268 3997 usus
281 3953 337 4008 est,
358 3943 387 4008 l,
402 3946 457 4013 577.
470 3945 547 3997 Tales
559 3954 648 3998 autem
695 3967 740 4015 re,
753 3968 804 4018 qua
816 3960 905 4018 postea
921 3950 1038 4008 demum
1050 3954 1172 4008 inclaruit

138 4023 245 4075 urbium
254 4022 363 4092 catalogi
375 4023 469 4091 passim
486 4025 646 4080 inseruntur.
727 4028 783 4094 4¹7·
799 4027 881 4078 leros
891 4026 927 4080 ob
939 4045 1065 4101 suscepta
1076 4032 1150 4085 toties
1158 4047 1194 4099 pro

169 4103 225 4166 414.
248 4102 370 4171 Mycerm
383 4113 528 4157 tenuerunt
543 4107 646 4171 Pelopis
694 4104 815 4158 libertate
829 4105 914 4169 bella,
934 4119 962 4162 et
979 4128 1017 4165 ne
1030 4113 1092 4166 victi
1104 4110 1194 4181 quiden

135 4178 241 4242 posteri,
252 4177 646 4253 Eurysthe1u,1ltreus,'l'hyes·
694 4182 819 4237 Messenii
832 4185 972 4254 aliquoties
986 4189 1093 4245 domari
1111 4203 1193 4261 potue-

134 4260 189 4314 tes,
201 4252 395 4321 Agamemnon.
407 4259 506 4327 Argos,
520 4261 607 4324 sparte
618 4270 645 4313 et
693 4274 764 4316 runt.
775 4291 809 4305 ·-
822 4266 921 4318 aeone
935 4268 994 4323 sitm
1013 4272 1087 4326 inter
1106 4270 1193 4325 Corin·

132 4329 644 4397 MycenaeetiamabHomeroetabaliis
692 4339 768 4393 thum
786 4349 813 4393 et
835 4340 928 4410 Argos.
951 4347 1091 4409 Hsms'les,
1116 4363 1194 4417 parre.

129 4405 165 4463 sic
186 4423 240 4488 qno
257 4428 333 4464 versu
353 4413 639 4484 comprehenduntur,
692 4417 847 4485 Pausanias,
863 4417 1098 4495 Corintlr.p.142,
1110 4434 1165 4483 ιςἰις
1176 4428 1193 4477 si
