2662 5092
136 688 204 755 306

407 688 447 753 P.
480 687 656 755 OVIDll
690 686 920 756 NASONIS

136 826 268 913 Efficit3
285 843 318 899 et
331 823 418 900 lecto
434 825 634 900 circumdata
651 825 793 901 eolloeat
807 844 897 928 apte.

136 947 184 1018 Ut
200 971 314 1018 venere
328 961 438 1016 torum
453 944 573 1041 conjux
589 961 624 1018 et
637 942 767 1017 adulter
781 943 818 1017 in
835 972 965 1031 unum,

136 1061 216 1133 Arte
233 1058 313 1147 viri,
331 1057 512 1159 vinclisque
527 1088 614 1133 nova
629 1059 758 1133 ratione
774 1060 925 1160 paratis,

135 1180 174 1250 In
187 1174 304 1249 mediis
319 1174 418 1248 ambo
437 1175 589 1276 deprensi
607 1173 815 1276 amplexibus
829 1176 968 1251 baerent.

133 1291 288 1365 Lemnius
304 1289 469 1391 extemplo
486 1290 594 1365 valvas
611 1291 766 1391 patefecit
782 1292 947 1379 eburnas,
1131 1318 1167 1370 stt

135 1405 344 1505 Admisitque
363 1405 476 1479 Deos:
494 1403 543 1479 illi
557 1406 685 1503 jacuere
701 1405 794 1500 ligati

133 1521 307 1622 Turpiter,
325 1538 424 1620 atque
444 1520 565 1621 aliquis
583 1522 623 1595 de
640 1522 703 1595 Dis
720 1550 790 1595 non
807 1523 964 1597 tristibus
982 1542 1074 1623 optat

135 1638 189 1710 Sio
205 1636 275 1710 sieri
292 1637 408 1737 turpis.
428 1637 549 1737 Superi
567 1638 686 1721 risere;
705 1636 828 1735 diuque

135 1754 213 1825 Hac
229 1751 294 1824 fuit
306 1751 342 1823 in
362 1768 434 1823 toto
453 1752 628 1825 notissima
643 1750 757 1825 fabula
774 1749 864 1825 eaelo.

181 1864 295 1958 Exigit
310 1862 423 1936 indicii
439 1892 617 1937 memorem
636 1864 809 1964 Cythereia
825 1892 984 1965 poeuam;
1137 1906 1171 1960 ip

133 1984 237 2080 lnque
253 1980 339 2052 vires
356 1976 467 2067 illurn,
485 1996 589 2052 tectos
607 1979 665 2080 qui
682 1978 766 2053 lasis
783 2008 929 2068 amores,

133 2176 172 2229 Ut
180 2174 277 2227 levibus
283 2173 393 2226 tactibus
399 2184 425 2226 et
431 2175 573 2228 momentis
579 2194 635 2244 par·

131 2255 169 2307 vis
180 2261 342 2305 moveantur.

168 2330 220 2383 181.
234 2332 349 2381 collocat
357 2335 423 2395 apte.
437 2326 527 2381 Codex
539 2328 636 2395 Regius

131 2412 172 2474 B,
185 2417 255 2471 arte‚·
268 2408 369 2477 ingrata
381 2418 447 2460 esset
455 2408 576 2476 repetitio
587 2406 637 2461 ltu·

131 2489 172 2555 ius
182 2487 250 2539 vocis
263 2486 291 2538 in
302 2504 379 2537 versu
393 2485 446 2538 183.
467 2488 517 2537 Ed.
529 2510 562 2527 ·-·
575 2485 638 2537 Arte

131 2571 195 2627 vt'rr',
213 2564 274 2617 dolo
286 2564 373 2617 mariti
391 2563 510 2617 Veneris.
525 2564 637 2616 Homer.

132 2651 182 2717 sept
191 2647 294 2697 dels'tm
305 2646 412 2707 rieures,
426 2652 453 2695 et
463 2659 570 2694 omnetn
583 2640 637 2694 do-

133 2726 187 2776 lum
199 2729 249 2798 sept
265 2726 346 2787 dipsa«
359 2730 431 2789 χιῦιν.
452 2723 580 2772 lenatico!
591 2720 637 2771 vi-

132 2810 235 2868 tuperat
248 2799 391 2863 Lucienus,
409 2797 479 2866 quod
492 2798 545 2866 ipse
557 2797 637 2851 adul-

134 2878 229 2930 terium
247 2876 425 2929 ruanisestarit.
444 2903 477 2917 ··-
496 2877 637 2943 lemnus,-

135 2956 286 3020 Vulcanus,
307 2954 351 3023 qui
363 2952 428 3005 dum
442 2954 532 3007 matris
544 2954 637 3007 auxilio

134 3045 282 3090 ooeurreret
295 3033 417 3087 adversus
426 3034 538 3100 Jovem,
554 3039 639 3111 ῥηθεὶς

133 3118 210 3180 redte,
223 3123 252 3165 ut
260 3113 313 3180 ipse
323 3122 424 3177 narrat,
439 3111 511 3164 lliad.
523 3113 544 3164 A
554 3151 562 3178 ,
574 3131 638 3182 pree·

131 3193 250 3261 cipitatus
263 3209 278 3241 a
289 3189 356 3241 Jove
369 3187 401 3240 de
412 3188 490 3253 eoelo,
505 3190 534 3241 iu
551 3189 636 3241 Lem-

132 3288 198 3322 uum
209 3267 321 3320 insulam
330 3264 439 3330 decidit,
450 3265 494 3316 ubi
504 3283 565 3318 eum
576 3266 637 3318 Sin-

132 3346 179 3397 ties
189 3351 353 3412 receperunt.
365 3344 415 3393 Ed.
425 3368 458 3379 -
468 3342 594 3401 Admisit,
607 3353 637 3396 ut

132 3424 200 3491 apud
213 3423 367 3485 Horatium,
386 3421 444 3472 Art.
456 3422 530 3474 Poet
544 3422 635 3490 initio,

130 3502 319 3552 admisst'rr'suar
330 3502 458 3553 teuealr's?

166 3580 219 3645 187.
230 3582 368 3648 Aliqur'sde
379 3581 482 3631 Ds'sete.
491 3576 568 3630 Cous.
578 3578 635 3631 Art.

39 3690 52 3713 ι
131 3658 219 3710 Amat.
232 3656 274 3721 ll,
291 3659 338 3711 285
352 3679 359 3712 :
373 3660 525 3726 Ilr'caliqur's
535 3661 633 3719 redens,

130 3740 162 3791 Iu
178 3758 232 3801 me,
248 3738 390 3805 fhrls'ssr'me
407 3741 525 3797 Mavors,
546 3738 576 3790 Ss'
589 3740 639 3789 titi

130 3822 190 3867 sun!
196 3820 277 3871 oneri,
288 3818 389 3865 oracula
400 3815 519 3882 transfer,
528 3819 574 3865 ait.
581 3812 634 3866 Sed

130 3892 171 3944 itte
176 3891 537 3960 aliquisdeDiisuoutrtstibus
542 3890 633 3960 (quod,

131 3986 202 4020 nunc
213 3970 273 4021 satis
284 3977 410 4032 venuste,
427 3987 474 4036 per
483 3973 588 4030 teritur«
596 3979 635 4021 est

131 4045 275 4111 jocantibus
285 4055 312 4097 et
327 4043 482 4109 ridentibus)
494 4048 541 4099 luit
555 4048 634 4099 iller-

128 4121 230 4187 eurius,
244 4134 272 4175 ut
283 4122 378 4174 diserte
392 4121 470 4174 tradit
484 4125 633 4191 Homerus,

129 4216 205 4248 versu
213 4199 269 4252 338.
279 4199 312 4251 Et
322 4197 390 4267 apud
402 4198 545 4253 Lucienuur
559 4204 635 4255 Mer·

129 4276 216 4326 curlus
228 4277 296 4344 lpse,
308 4268 358 4343 ἐγὼ
370 4283 411 4343 μὶν
424 4278 522 4345 dpls'aaw
534 4304 565 4349 τῳ
574 4275 635 4355 ‘itm'

131 4350 203 4402 Hinc
227 4362 319 4418 sponte
344 4363 466 4420 apparet,
489 4372 542 4405 non
567 4358 633 4410 bene

129 4428 269 4482 lleinsiuur
281 4439 392 4481 mutasse
400 4435 471 4495 optat
480 4430 507 4483 iu
515 4441 587 4499 optet.
601 4464 633 4475 -

684 2177 773 2227 Ite'sere
780 2216 787 2238 ‚
810 2180 917 2235 istest-se
936 2174 961 2229 ο*
977 2176 1017 2254 ἄρ’
1034 2180 1168 2245 tumst-r

683 2256 811 2329 peripsam
821 2266 918 2309 θεοῖσιν.

721 2334 776 2403 189.
791 2330 944 2397 Ilaecsur'lin
952 2340 1007 2386 toto
1017 2333 1097 2388 Nosti
1106 2331 1168 2402 negt

685 2408 757 2461 daut.
776 2408 943 2461 Vocabulum
962 2418 1035 2475 tuto,
1049 2411 1091 2465 etsi
1103 2410 1169 2479 infle-

684 2485 789 2538 niosum
801 2524 810 2552 ‚
823 2504 879 2538 uon
892 2486 961 2539 mibi
981 2488 1082 2543 videtur
1095 2496 1169 2558 poet!¹

687 2562 760 2632 Quid
773 2568 1048 2634 praetereasententia
1056 2566 1170 2637 attitep'r

685 2639 778 2693 theton
790 2646 867 2697 tuto?
883 2641 935 2695 Ed.

722 2720 877 2790 190.E11'5i!
885 2722 1037 2774 abdicriett.
1048 2718 1168 2775 Venustd-

684 2798 788 2853 eiseitur
802 2798 870 2852 Solis
883 2800 1081 2868 proditionem,
1091 2800 1168 2855 tuo

685 2876 768 2944 injicit
785 2876 949 2931 Leueotbees
968 2898 1105 2944 amorem,
1125 2896 1170 2947 q!

685 2955 788 3019 vitiata,
804 2965 881 3007 terrse
893 2953 1032 3009 defoditur
1043 2976 1057 3009 s
1068 2965 1168 3026 parente,

685 3032 730 3084 sed
745 3050 759 3083 a
774 3032 835 3085 Sole
848 3033 876 3085 in
892 3033 997 3103 virgam
1012 3045 1109 3089 turem
1119 3050 1171 3087 Ι·

686 3119 763 3162 tatur.
782 3108 851 3177 Qure
867 3109 950 3163 tuerit
965 3110 1011 3164 illa
1029 3108 1170 3173 Leuuotbet,

685 3188 794 3241 docetur
807 3208 873 3242 vers.
891 3211 941 3263 ²¹9
958 3210 1018 3260 sqq.
1035 3192 1126 3245 Antra
1135 3190 1170 3243 lt·

684 3265 751 3319 bulre
761 3265 909 3332 Hesiodus,
923 3278 954 3321 ut
964 3288 997 3321 ex
1006 3268 1171 3323 Lactantidr·

685 3362 756 3412 gum.
775 3353 888 3412 apparet.
906 3344 963 3398 Nee
974 3345 1005 3398 in
1021 3366 1049 3399 se
1060 3362 1171 3399 mem

685 3422 741 3474 bilis
752 3431 806 3487 est,
819 3441 869 3475 nee
881 3423 1045 3478 tractationis
1054 3422 1174 3478 teniat-s

684 3500 1173 3557 commendata—Mensorrelerendn

684 3590 739 3632 erat
751 3579 782 3632 ad
802 3580 976 3651 Cytheram
994 3583 1041 3636 sed
1055 3594 1081 3636 et
1099 3580 1174 3651 turgt.

683 3656 790 3709 AEneid.
804 3658 831 3718 l,
848 3662 880 3723 4,
893 3678 1027 3713 memores·
1039 3663 1141 3714 Jusw's
1149 3660 1174 3711 sl

682 3742 753 3788 iram.
760 3737 841 3790 Poena
848 3748 973 3803 testatur,
983 3756 1173 3793 memoremus

683 3814 795 3883 aliquem
810 3814 902 3868 delicti.
917 3843 951 3855 -
962 3816 1130 3885 Quamnrie
1139 3818 1175 3867 te·

682 3895 739 3944 dere
747 3892 774 3944 in
787 3912 816 3945 re
828 3894 954 3946 amatoria
965 3894 1087 3961 dicatur,
1098 3894 1174 3947 adm·

683 3969 769 4021 uitum
783 3980 821 4022 est
834 3970 866 4021 ad
883 3971 914 4035 l,
933 3970 993 4024 508.
1012 3972 1110 4027 Sensus
1122 3968 1174 4039 ιμ’

683 4048 796 4102 occultos
810 4068 911 4103 amores
924 4049 1063 4107 indicavit.
1081 4069 1137 4105 eunt
1146 4048 1175 4099 vl·

682 4128 766 4180 cissim
777 4146 865 4179 amore
879 4128 977 4197 injecto
989 4130 1096 4183 cmeiat
1111 4126 1176 4181 {stt

683 4206 794 4261 Ovidius
806 4207 897 4259 verbis.
910 4208 1041 4263 Similiter
1048 4225 1175 4263 monem

686 4287 747 4355 195,
764 4288 810 4352 qui
824 4292 901 4336 terras
915 4290 1021 4352 e'gnidss
1033 4293 1099 4345 nris,
1119 4286 1175 4337 Ure·

682 4366 718 4410 ris
729 4370 776 4412 ete.
794 4387 827 4401 ·-
841 4363 984 4429 Hyperione
1001 4366 1141 4434 recepimus
1150 4377 1176 4411 et

682 4438 776 4490 nostris
795 4438 883 4507 Regiis
900 4459 949 4506 pro
962 4443 1104 4511 Hypertone
1117 4434 1177 4509 quod
