2662 5092
129 675 193 740 510

408 673 446 737 P.
473 672 650 740 OVIDII
668 671 896 742 NASONIS

129 815 175 886 At
191 811 339 906 genitor,
358 837 543 910 quanquam
560 808 688 883 laetatur
703 811 828 910 sospite
844 828 945 900 nato,
989 852 991 856 >

1129 836 1175 902 42⁵

128 923 301 1000 Attonitus
317 941 444 998 tantum
457 979 467 1009 ,
481 922 538 997 leti
554 923 741 998 discrimine
758 953 884 1025 parvo,

130 1026 297 1116 Committi
314 1040 462 1140 potuisse
480 1038 589 1126 nefas,
607 1039 695 1113 fovet
711 1040 847 1134 ignibus
864 1068 959 1126 aras,

129 1156 391 1256 Muneribusque
408 1156 496 1228 Deos
512 1153 646 1255 implet;
662 1155 848 1256 feriuntque
863 1183 998 1230 secures

131 1272 226 1347 Colla
243 1290 354 1345 torosa
369 1271 493 1356 houm,
509 1269 693 1344 vinetomm
711 1300 835 1345 cornua
852 1271 956 1345 vittis.

128 1386 250 1463 Nullus
264 1383 474 1460 Erechthidis
491 1384 597 1458 fertur
613 1384 810 1460 celebratior
822 1384 883 1459 illo

1137 1408 1181 1476 ⁴3⁰

129 1502 281 1578 illuxisse
297 1501 365 1575 dies
382 1529 390 1574 ε
406 1501 532 1596 agitant
546 1501 692 1575 convivia
707 1520 839 1602 patres,

130 1621 176 1691 Et
188 1616 330 1691 medium
347 1615 485 1711 vulgus,
500 1645 560 1690 nec
577 1644 645 1689 non
659 1636 693 1690 et
710 1617 873 1702 carmina,
890 1616 972 1690 vino
1023 1661 1026 1666 ·

130 1733 304 1828 Ingenium
317 1731 473 1819 faciente,
492 1749 635 1806 canunt:
655 1767 670 1796 «
691 1734 761 1821 Te,
777 1733 919 1806 maxime
937 1732 1093 1820 Theseu,

134 1881 150 1911 u
169 1848 289 1921 Mirata
304 1865 354 1922 est
368 1847 547 1922 Marathon
563 1849 678 1923 Cretaei
696 1848 855 1944 sanguine
873 1849 986 1922 tauri:

135 1995 152 2028 a
169 1963 338 2063 Quodque
351 1964 419 2037 suis
436 1991 569 2039 secums
586 1981 655 2037 erat
673 1964 859 2064 Cromyona
876 1960 1043 2049 colonus,
1141 1982 1183 2050 435

136 2111 153 2142 »
171 2079 297 2152 Munus
313 2107 462 2180 opusque
479 2096 572 2154 tuum
589 2097 662 2155 est:
680 2078 777 2154 tellus
791 2078 979 2180 Epidauria
994 2095 1103 2179 perte

132 2260 251 2320 peterat,
268 2250 295 2302 iu
313 2249 416 2313 Asiam
433 2249 592 2319 tandemque
606 2252 635 2304 in

132 2328 242 2396 patriam
263 2326 353 2395 redit,
373 2329 416 2380 uhi
440 2328 506 2398 patri
525 2349 540 2382 a
556 2332 634 2383 sratre

133 2406 206 2476 pulso
218 2425 329 2476 regnum
344 2406 437 2459 reddit.
458 2406 511 2460 Sed
525 2406 635 2462 Ovidius

132 2485 183 2535 lata
196 2483 252 2550 ejus
263 2483 316 2550 jam
329 2481 468 2550 abrumpit.

166 2562 220 2628 lali.
229 2561 361 2614 Attonitus
369 2567 517 2613 {assumere
523 2560 574 2614 llic
582 2581 636 2612 ver·

131 2659 174 2691 sus
185 2638 221 2691 ita
233 2637 328 2708 legitur
338 2638 365 2690 in
377 2648 467 2690 nostro
476 2636 573 2691 Codice
582 2638 635 2690 Re-

132 2716 174 2784 gio
188 2716 231 2768 A:
247 2716 379 2768 Attonitas
391 2722 472 2768 tamer
487 2723 540 2777 est,
559 2719 640 2782 gessii

132 2799 274 2848 discrimine
285 2811 383 2861 parro,·
403 2805 429 2847 at
447 2795 473 2846 in
489 2793 586 2848 Codice
599 2795 634 2847 B:

132 2876 263 2927 Attonitas
279 2881 361 2925 turres
375 2880 427 2933 est,
442 2877 529 2939 argeus
541 2876 636 2925 discri-

132 2957 197 3004 srsr'se
203 2971 289 3017 pareo.
297 2953 357 3002 test
365 2950 467 3003 videtur
478 2949 635 3015 emendatio,

132 3047 186 3080 non
209 3029 309 3097 ingrata
330 3027 437 3095 quidem
452 3027 636 3080 recentiorum.

132 3105 294 3174 Ede-Apud
308 3106 447 3175 Virgilium
459 3117 562 3171 tamen,
573 3105 635 3157 AEn.

133 3187 188 3251 IX,
202 3186 245 3253 143
254 3183 523 3252 :fossarumquemorm
531 3189 637 3238 leudis-

131 3269 335 3330 criminaturus,
345 3282 398 3331 quo
409 3263 465 3315 loco
475 3274 501 3316 et
512 3264 566 3331 ipso
574 3263 636 3315 olim

132 3341 265 3410 legebatur
276 3344 419 3406 dtiersinrirc
426 3359 511 3405 parvo.
519 3366 552 3377 -
562 3340 636 3390 Corra·

132 3423 204 3471 ras'tli.
216 3418 291 3484 Duo,
306 3421 419 3478 admitti,
435 3434 508 3483 teque
520 3416 596 3469 bene.
604 3443 638 3457 ···

133 3496 278 3548 Muneribus
297 3497 368 3547 Heus
386 3497 491 3561 r'ssrplelt
513 3493 636 3561 plurimas

132 3573 247 3627 victimas
255 3576 340 3628 offert.
348 3573 457 3643 Proprie
464 3591 515 3626 arte
524 3573 637 3642 implen-

131 3661 184 3717 tur,
198 3652 297 3720 poetice
308 3651 355 3720 ipsi
368 3651 421 3704 Dii.

163 3731 219 3797 431.
230 3733 340 3798 Affilaul
347 3731 456 3784 verbum
465 3729 599 3798 proprium
608 3729 636 3781 in

131 3807 180 3861 hac
192 3828 237 3876 re,
251 3819 359 3861 notante
372 3809 569 3861 Burmanno.-·
575 3808 636 3858 Me-

130 3889 312 3953 diamvulgus,
326 3896 354 3939 ut
362 3887 396 3951 V,
407 3888 636 3956 207,med1uplebs.

131 3965 233 4015 -Vr'rto
241 3964 369 4028 Iagem'um
374 3962 496 4027 lactente.
506 3961 598 4013 llotat.
607 3961 635 4024 l,

130 4039 178 4108 Ep.
191 4057 222 4106 v,
235 4061 264 4111 tq
275 4061 281 4094 :
292 4043 500 4093 Fecundicalices
508 4058 578 4107 quens
588 4059 636 4092 reos

123 4115 208 4179 secere
220 4121 361 4175 desertum?
376 4116 484 4170 Confer.
499 4117 589 4181 idem,
605 4116 636 4182 l,

129 4192 179 4261 Ep.
189 4212 236 4247 xtx
247 4235 255 4261 ,
269 4197 324 4251 init.
334 4199 425 4267 Neque
435 4199 635 4264 vinumsolum,

128 4271 173 4321 sed
186 4274 330 4326 secundum
343 4277 461 4329 Persium
474 4315 481 4340 ,
501 4276 565 4344 prol.
589 4296 635 4343 to,

128 4357 221 4398 uenter
233 4367 336 4419 quoque
348 4359 473 4419 s'rrgem'rsm
488 4352 603 4420 largitur.

155 4425 210 4490 434.
219 4427 499 4484 ΜιὴίιιιείΜανσΙῇοη
509 4431 635 4484 elc.'1'he·

682 2251 719 2304 sei
738 2248 824 2302 laudes
846 2247 995 2302 commode
1017 2248 1139 2302 convertit
1158 2246 1180 2298 in

682 2328 774 2401 hymni
782 2329 911 2393 sormam,
925 2339 958 2380 ut
967 2347 1074 2381 resnou
1082 2328 1180 2387 narrari,

682 2407 727 2461 sed
739 2406 778 2476 agi
790 2404 912 2458 rideatur
926 2406 1048 2458 :consen
1061 2405 1181 2474 Virgilius,

684 2486 746 2539 AEn.
755 2485 838 2548 Vlll,
854 2485 920 2549 288,
935 2485 982 2537 ubi
995 2484 1182 2537 similisinller·

682 2564 767 2619 culem
780 2562 942 2634 hymnus-
948 2562 1093 2614 Taurusille
1103 2581 1115 2612 a
1124 2563 1180 2629 Nep·

685 2653 749 2696 tuno
770 2639 875 2703 Minoi,
896 2640 957 2710 regi
978 2643 1085 2693 (lasea.
1103 2639 1179 2702 datm,

684 2730 741 2792 post
753 2719 800 2773 alia
810 2720 862 2771 sata
875 2718 1020 2771 interram
1033 2718 1181 2771 Attirsmre·

684 2809 779 2863 uerat,
804 2797 893 2864 ibique
925 2799 1105 2849 Marathonius
1120 2813 1180 2863 agros

683 2875 803 2928 vastabat.
815 2873 887 2925 Eum
902 2873 1031 2926 Athenas
1046 2871 1180 2942 perductum

685 2951 801 3004 Theseus
819 2949 998 3013 immolavit,
1024 2950 1063 3002 rel
1083 2946 1185 3018 apollini

687 3029 828 3098 Delphinio
839 3027 1040 3098 (Plutarchus,
1053 3027 1125 3080 Thes
1133 3028 1182 3091 ri),

685 3109 726 3161 vel
736 3109 877 3161 Minervas:
894 3109 1059 3172 Pausanias,
1074 3103 1183 3173 trusit

687 3185 1182 3255 AtOridiuscoufunditteropora,natu

685 3275 788 3318 hurum
797 3263 870 3315 illum
879 3265 965 3332 oepit,
974 3274 1111 3334 postquam
1120 3258 1183 3313 Arte

686 3342 850 3410 nisereeptus
855 3352 915 3394 erat
922 3361 938 3393 a
948 3341 1104 3410 patre.h'ide
1113 3339 1182 3392 bleur

684 3421 714 3473 sii
723 3418 800 3472 Thes.
807 3438 861 3487 cap.
872 3423 1183 3487 10.-Qsodquessiseun

686 3498 790 3552 Boessio
797 3509 823 3549 et
830 3516 861 3548 er
868 3515 926 3548 uno
933 3494 1183 3549 Gronorianolleis·

683 3576 734 3629 sius
746 3574 876 3636 restitum
897 3575 1010 3639 ueteri,
1031 3594 1110 3626 suan.
1125 3569 1184 3638 Regii

684 3653 766 3706 nostri
778 3669 893 3720 quoqne,
904 3655 1086 3706 suam-Seis
1094 3666 1184 3704 secem.

685 3734 765 3787 Notat
775 3730 899 3783 Heinsius
912 3733 974 3784 rori
985 3749 1093 3783 secures
1102 3729 1186 3796 elegen

686 3821 726 3863 ter
738 3808 796 3861 addi
815 3826 904 3861 casum
922 3808 1085 3863 secundum.
1094 3835 1124 3847 -
1135 3806 1184 3857 css·

684 3904 757 3956 myos
767 3893 812 3935 aut
825 3885 967 3954 θιειιγοπ,
984 3886 1061 3938 vicus
1073 3879 1184 3936 Corinthi

687 3964 725 4016 lbi
737 3982 788 4024 sus,
799 3962 878 4015 Phtea
890 3961 979 4029 dicta,
993 3966 1092 4017 ferocia
1101 3973 1124 4015 et
1135 3978 1183 4012 ω·

686 4037 822 4110 gnitudine
832 4040 959 4108 insignis,
973 4061 1026 4095 ner
1035 4039 1182 4111 agrossolttn

685 4130 802 4183 vastans,
820 4117 865 4170 sed
886 4118 1014 4172 homines
1031 4124 1110 4173 etiarn
1125 4113 1183 4168 otri·

688 4192 1184 4264 dens,quamintersecitTheseustplt·

687 4275 807 4339 tarrhus,
821 4273 901 4327 Thes.
914 4296 939 4347 9.
952 4275 1081 4328 Tertium
1095 4275 1138 4326 hos
1147 4268 1198 4322 trir—

687 4352 859 4418 Theseiopns.

717 4429 773 4496 435,
792 4431 880 4480 Tellus
891 4431 1046 4497 Epidauria,
1056 4427 1181 4498 Epidaurus
