2662 5092
144 784 205 853 186
418 787 457 851 P.
490 784 673 854 OVIDII
698 785 932 855 NASONIS

143 926 379 1023 Oceanumque
397 950 525 1009 senem;
544 952 687 1025 quorum
703 925 884 999 reverentia
900 925 1006 999 morit
1156 946 1216 1001 sin,

140 1038 233 1137 Saepe
251 1039 343 1111 Deos
357 1066 365 1124 ;
384 1067 580 1140 causamque
595 1039 655 1113 viae
671 1039 868 1113 scitantibus
881 1038 978 1113 infit:

140 1184 159 1215 «
178 1152 355 1248 Quaeritis,
375 1151 524 1227 ethereis
541 1182 640 1254 quare
657 1156 772 1251 regina
787 1156 938 1229 Deorum

138 1301 158 1334 »
179 1268 321 1342 Sedibus
339 1269 405 1341 huc
420 1269 549 1344 adsim?
563 1299 626 1371 pro
642 1299 693 1344 me
713 1288 804 1345 tenet
819 1269 922 1345 altera
940 1268 1066 1344 celum.

138 1416 157 1447 »
175 1384 335 1473 Mentiar,
354 1384 533 1459 obscurum
548 1385 613 1459 nisi
629 1414 697 1459 uox
715 1414 818 1487 quum
835 1385 951 1459 fecerit
966 1386 1102 1476 urbm,

136 1530 155 1563 »
176 1500 292 1599 Nuper
308 1500 485 1573 honoratas
505 1528 650 1589 summo,
669 1531 742 1576 mea
758 1501 911 1592 vulnera,
930 1502 1013 1577 caelo
1145 1526 1160 1578 5
1179 1550 1207 1584 ι

138 1657 156 1687 »
176 1624 334 1697 Videritis
355 1623 464 1698 stellas
483 1624 566 1712 illic,
586 1627 646 1699 ubi
661 1625 804 1701 circulus
822 1655 914 1701 axem

139 1779 159 1811 »
178 1745 326 1821 Ultimus
344 1764 524 1821 extremum
540 1749 715 1849 spatioque
730 1744 945 1822 brevissimus
958 1749 1074 1824 ambit.

137 1900 156 1932 »
176 1870 238 1940 Est
254 1897 346 1954 vero,
366 1896 424 1942 cur
441 1868 515 1969 quis
532 1872 702 1943 Junonem
720 1868 836 1944 laedere
851 1868 958 1959 nolit,

137 2021 155 2052 »
175 1988 414 2091 Offensamque
432 2008 564 2077 trcnmt,
583 2018 655 2091 quae
671 1990 799 2092 prosim
817 1990 890 2063 sola
905 1990 1090 2067 nocendo?

134 2212 161 2254 ot
178 2200 264 2255 Veste
281 2202 332 2254 filia
351 2203 428 2255 t'uisse
447 2203 557 2269 dicitur,
576 2223 642 2257 uxor
690 2206 1101 2262 mannum-Mutiorbabeut
1112 2204 1175 2261 nosti

135 2280 236 2334 Oceani
249 2302 278 2335 ac
288 2282 403 2334 Junonis
416 2283 519 2346 nutrix,
537 2283 641 2335 multo·
692 2285 803 2339 Codices
811 2285 834 2338 Α
842 2296 869 2339 et
878 2287 908 2338 B.
919 2285 960 2338 De
970 2288 1057 2339 forma
1064 2284 1172 2357 loquendi,

133 2378 245 2429 rumque
255 2359 375 2411 Deorum
384 2369 469 2411 muter
478 2398 485 2425 ,
495 2359 565 2412 unde
575 2361 598 2412 ei
606 2371 641 2411 at·
689 2368 844 2415 mentruraut
851 2368 962 2417 mentior.
976 2368 1010 2423 π’,
1019 2363 1060 2417 eei
1067 2360 1172 2427 nutrite

133 2458 184 2508 que
197 2437 308 2492 Oceano
319 2457 414 2509 magna
422 2439 577 2491 reverentia.
592 2440 640 2491 Eu
690 2440 832 2493 Heinsium
850 2439 882 2492 ad
900 2439 960 2507 tlt,
980 2461 1046 2511 ²7¹·
1064 2451 1091 2495 et
1104 2442 1173 2497 nuru

70 2562 77 2577 ,
132 2518 254 2569 -Senex
266 2515 389 2571 Oceanus
401 2516 510 2587 fingitur
521 2518 600 2570 etiam
613 2517 639 2569 in
689 2519 802 2573 adhunc
814 2519 917 2585 iocum,
932 2519 978 2588 qui
991 2519 1173 2574 laudatHomer.

132 2595 313 2648 monumentis
330 2595 442 2663 antiquis
464 2614 470 2647 :
489 2594 547 2648 vide
565 2594 641 2648 Gro-
690 2596 971 2665 11.κ,534;ψωήμ«ι
987 2600 1000 2659 ἱ
1015 2603 1094 2665 ἴημα
1104 2601 1153 2674 ipis

133 2673 252 2740 novium,
260 2673 292 2725 ad
299 2674 408 2739 Melam,
415 2672 456 2725 tib.
463 2673 515 2739 Ill,
526 2673 640 2739 r,initio,
723 2678 778 2729 515.
787 2676 877 2741 disper.
887 2674 983 2727 Monet
993 2674 1124 2729 Schineb
1134 2691 1174 2729 ow

131 2752 177 2805 ubi
192 2752 291 2823 effigies
306 2754 362 2821 ejus
375 2772 499 2821 expressa.
518 2751 641 2805 Omnino
689 2762 729 2806 tra
745 2752 913 2818 Gesnerum‚
939 2771 970 2805 es
985 2752 1037 2807 boc
1054 2754 1109 2809 tooo
1121 2768 1177 2819 ean

131 2830 177 2883 Dii
188 2832 283 2884 marini
293 2852 367 2884 senes
376 2832 555 2897 habebantur,
568 2830 640 2883 unde
689 2851 744 2885 non
757 2830 881 2884 modoad
895 2851 1002 2885 menses
1014 2843 1040 2886 et
1053 2832 1107 2887 dies
1116 2828 1174 2905 (adde

130 2929 198 2961 cuna
218 2911 318 2978 Tethys.
336 2908 462 2962 Senectus
481 2908 548 2978 parit
567 2928 640 2960 νινε-
689 2909 721 2963 ad
741 2929 823 2962 annos
840 2921 867 2962 et
884 2909 971 2962 serula
989 2910 1068 2977 adeo)
1087 2907 1176 2972 utun,

129 2996 250 3051 teatrum,
265 3010 316 3060 qua
328 2990 363 3044 itti
374 2989 446 3043 Deos
455 2997 567 3053 movent,
583 2990 640 3043 im·
688 2989 733 3044 sed
746 2990 825 3042 ctiam
834 3029 842 3055 ,
851 2999 881 3041 ut
891 2989 1024 3054 hocloco,
1033 2988 1177 3043 adhora-

130 3069 246 3138 peilunt,
259 3080 289 3122 ut
301 3069 332 3121 ab
342 3069 402 3138 ipsis
410 3068 533 3121 auxilium
542 3079 641 3138 petant.
694 3072 804 3128 Vulnus,
820 3068 863 3136 qui
876 3067 981 3121 dolores
993 3067 1069 3121 alteri
1078 3076 1179 3121 mu-

165 3150 221 3201 512.
231 3150 348 3200 Deorum.
359 3148 427 3200 Tres
438 3145 561 3212 Codices,
573 3149 641 3201 Bea-
688 3150 834 3201 Honoratus
840 3149 942 3207 stellas,
953 3145 981 3197 in
992 3144 1180 3199 numeremus

131 3244 200 3287 rum,
220 3243 275 3276 non
294 3223 460 3292 improbante
474 3223 640 3276 Burmanno.
687 3230 767 3279 larum
785 3235 916 3293 receptos,
930 3236 1010 3293 atque
1029 3223 1097 3278 adeo
1108 3226 1181 3277 hun

131 3329 164 3340 -
177 3304 287 3354 Deorum
297 3301 365 3353 bene
377 3320 407 3353 er
420 3298 561 3353 codicibus
573 3320 641 3354 nos-
689 3304 779 3357 divino
786 3302 1043 3356 affectos-Suam
1049 3304 1118 3361 cele.
1125 3301 1181 3371 juxte

132 3379 179 3437 tris
191 3379 296 3450 Regiis,
317 3397 379 3431 nam
391 3379 465 3431 Juno
482 3388 538 3430 erat
550 3379 640 3448 regina
688 3379 795 3448 poium,
809 3378 854 3446 qui
866 3377 981 3431 maxime
994 3378 1108 3432 elevatus
1119 3392 1181 3445 supet

130 3456 260 3509 Deorum.
269 3460 359 3509 Ede-
370 3460 541 3523 Queritisetr.
549 3458 581 3510 lu
593 3455 640 3511 bac
688 3458 833 3513 finitorem.
845 3458 927 3511 Iiunc
935 3458 1020 3511 ambit
1032 3456 1182 3525 circuluspu

131 3535 250 3589 oratione
264 3537 338 3589 Juno
350 3537 432 3607 magis
446 3535 517 3589 dolet
528 3558 555 3590 se
567 3558 640 3607 spre-
687 3536 771 3603 laris,
798 3536 859 3604 qui,
885 3545 947 3588 ute
970 3535 1082 3605 spiam
1098 3533 1182 3588 ratione

130 3627 205 3683 tarn,
226 3636 305 3685 quam
317 3619 446 3673 adulterio
456 3619 575 3689 conjugis
591 3619 640 3673 ire·
687 3627 780 3684 sponte
793 3614 961 3683 intelligitur,
981 3616 1081 3667 brevior
1093 3622 1131 3667 est
1143 3628 1181 3665 α·

130 3716 203 3763 sam,
220 3698 290 3750 furta
305 3699 378 3751 enim
391 3700 465 3768 ejus,
485 3699 577 3768 quibus
594 3698 641 3751 diu
687 3694 757 3746 teris
773 3691 858 3746 Docte
870 3710 932 3745 cum
945 3688 1182 3745 Astronomist

131 3773 237 3828 adsueta
253 3772 300 3843 (1,
322 3775 400 3841 606),
420 3776 507 3828 minus
525 3774 639 3828 curabat.
687 3771 811 3842 loquitur.

130 3851 174 3904 lra
192 3862 280 3905 autem
302 3872 332 3903 er
349 3862 486 3905 contemtu
503 3853 570 3905 bene
588 3872 639 3905 er·
720 3840 1183 3919 517.AmsicNonnutti,ezu,quod

130 3930 299 3997 pressa.Satis
307 3928 432 3981 invidiose
440 3930 560 3982 statimin
569 3929 640 3998 prin·
687 3929 799 3982 Heinsio
815 3937 956 3980 venustum
976 3926 1097 3982 ridetur.
1116 3920 1183 3979 Unde

131 4007 199 4075 cipio
211 4009 289 4061 irruit
300 4008 327 4059 in
338 4026 409 4074 rem,
418 4029 466 4074 pro
479 4028 518 4060 me
527 4016 594 4061 lene!
601 4011 640 4060 al·
686 4025 750 4059 vero
765 4005 808 4058 illa
820 4002 961 4058 venustas?
984 4003 1110 4057 Circulus
1123 4016 1183 4056 axem

129 4091 198 4146 tera,
213 4084 260 4136 alia
269 4124 276 4150 ,
286 4088 387 4143 caelum,
400 4094 429 4137 ut
440 4086 493 4145 ΙΧ,
509 4086 554 4151 145
565 4105 571 4137 ε
582 4087 640 4137 thu-
686 4105 741 4137 non
756 4090 820 4145 exit,
833 4082 879 4136 sed
892 4082 1120 4138 ambit-Nostri
1130 4076 1183 4134 cut

129 4164 212 4213 lamus
227 4168 295 4212 tenet
303 4165 385 4212 alteru
399 4169 504 4214 nostros.
520 4163 638 4228 Seneca,
686 4167 772 4216 ambit.

130 4238 253 4292 Herculis
266 4239 329 4290 Fur.
341 4238 433 4304 initio,
454 4240 497 4290 ubi
512 4239 637 4291 Nostrum
719 4244 775 4295 518.
794 4241 864 4293 Vero.
879 4240 948 4294 Cum
963 4241 1144 4312 indignatione
1152 4236 1185 4289 iu·

130 4320 250 4375 imitatur
262 4338 268 4370 :
277 4322 383 4387 pellices
395 4323 481 4371 culum
494 4325 584 4370 teuent.
686 4330 806 4390 terrogan
811 4320 841 4372 tis
850 4329 896 4372 est.
905 4348 939 4358 —
949 4322 1090 4380 lunonem,
1104 4312 1185 4373 sumti

163 4402 218 4466 514.
237 4399 362 4455 Menlr‘ar.
383 4416 437 4449 non
456 4397 504 4449 nisi
522 4397 551 4449 in
567 4417 637 4465 uno,
686 4416 734 4466 pro
746 4418 790 4449 mc.
807 4397 879 4467 b'irg.
889 4397 953 4450 AEn.
967 4397 997 4461 Ι,
1012 4400 1045 4465 48
1060 4418 1067 4451 2
1080 4400 1117 4451 Et
1127 4398 1186 4463 quei·

131 4477 203 4531 unde
213 4475 339 4531 Heinsius
351 4476 455 4545 recepit.
468 4475 555 4544 AEque
570 4487 638 4529 recte
685 4478 1184 4544 quumnumenlunom'sudoretl'raelcrte.

131 4557 218 4613 caetcri
232 4575 342 4623 omncs,
357 4560 467 4608 mentior.
482 4553 550 4607 vite
563 4554 638 4606 Bur·
686 4560 733 4604 aut
741 4558 846 4620 supplex
856 4558 909 4605 uris
920 4559 1035 4621 imponat
1045 4552 1172 4607 houna?
