2662 5092
188 830 231 898 38
628 827 812 897 SERIES

185 968 362 1042 adventum
377 966 507 1053 Thesei,
532 995 630 1067 quem
647 996 740 1068 paene
757 996 885 1044 veneno
903 966 1137 1041 interfecisset.
1158 968 1259 1063 AEgei

186 1084 307 1181 gaudia
325 1084 364 1158 de
381 1082 452 1157 filio
470 1089 604 1185 r‘ecepto
624 1085 737 1158 turbat
753 1085 881 1169 Miror,
904 1082 1030 1157 bellum
1048 1100 1166 1158 eontra
1181 1113 1260 1167 eum

186 1228 324 1303 parans,
342 1197 488 1273 collectis
502 1198 652 1300 undique
670 1200 795 1300 copiis,
815 1200 913 1273 etiam
928 1228 946 1273 e
963 1199 1070 1287 Paro,
1088 1198 1149 1272 nbi
1165 1201 1261 1274 Amo

185 1317 222 1390 in
238 1315 430 1390 monedulam
449 1314 557 1390 fuerat
573 1344 747 1403 conversa,
772 1314 986 1415 AEocumque
1002 1315 1038 1388 in
1053 1332 1166 1416 partes
1181 1343 1260 1389 suas

185 1431 315 1507 trahere
331 1432 480 1532 cupiens.
509 1434 557 1524 At
573 1430 628 1505 ille
643 1421 685 1505 ab
702 1433 808 1527 AEgeo
826 1431 937 1518 stetit,
963 1431 1054 1505 etad
1072 1460 1148 1505 cum
1164 1431 1259 1537 Myr·

183 1548 318 1621 mr'doms
332 1576 427 1635 suos,
445 1565 524 1648 post
542 1575 673 1642 gravem
690 1564 817 1649 pestem
829 1545 992 1647 esoum'cr's
1006 1562 1118 1634 ortos,
1130 1545 1259 1620 auxilio

185 1666 302 1754 misit,
322 1661 403 1738 duce
430 1663 569 1765 Cephalo
592 1664 808 1750 Atheniensi,
827 1661 885 1763 qui
902 1662 1039 1748 Phoco,
1057 1661 1151 1736 AEaci
1166 1661 1258 1750 lilio,

94 1772 98 1783 ⁸
187 1799 324 1870 narrat,
352 1780 525 1882 quomodo
544 1781 586 1864 ab
605 1782 737 1855 Aurora
753 1797 787 1854 et
810 1795 927 1878 raptus
947 1795 980 1852 et
998 1778 1062 1851 aliu
1073 1776 1184 1878 soum
1205 1779 1260 1852 in-

186 1897 305 1985 dutus,
325 1897 456 1970 Procrin
473 1925 610 1970 uxorem
628 1896 664 1968 in
677 1894 876 1969 adulterium
892 1893 1079 1994 pellerent,
1097 1895 1140 1970 ab
1155 1923 1259 1997 eaque

177 2044 225 2115 ¹err
241 2014 322 2108 fuga
338 2041 467 2087 reversa
485 2040 587 2084 curem
611 2030 644 2086 et
659 2012 800 2113 jaculum
818 2011 1001 2111 acceperit,
1032 2041 1179 2112 quorum
1201 2012 1257 2087 ille

130 2196 136 2205 .
186 2159 261 2203 cum
281 2129 377 2227 vulpe
394 2127 556 2201 Thebana
572 2127 608 2200 in
626 2155 737 2200 roxum
753 2155 932 2202 conversus
951 2127 1012 2216 sit,
1029 2127 1094 2203 hoc
1112 2146 1259 2203 autema

185 2271 221 2317 sc
239 2243 448 2343 imprudente
464 2243 603 2316 missum
620 2271 758 2316 uxorem
774 2243 983 2317 interfecerit.

235 2390 312 2460 Lm.
332 2389 426 2461 Vlll.
459 2388 567 2461 Minoi
584 2389 717 2462 interim
738 2391 908 2484 Megaram
925 2389 1094 2464 obsidenti
1120 2389 1252 2496 Scylla,

186 2531 298 2577 amore
315 2505 386 2603 ejus
400 2521 513 2606 capta,
531 2505 671 2604 patriam
683 2533 758 2579 cum
772 2506 862 2580 crine
875 2507 954 2581 Nisi
964 2507 1069 2607 patris
1082 2533 1256 2607 purpureo

182 2620 313 2722 prodit;
329 2621 388 2695 sed
396 2640 506 2722 spreta
516 2622 558 2696 ab
568 2620 627 2695 illo
641 2650 745 2722 quum
756 2622 911 2695 abeuntis
923 2621 999 2695 navi
1012 2622 1206 2709 inhereret,
1219 2622 1255 2694 in

189 2739 262 2810 cirris
282 2766 391 2825 avem,
409 2756 504 2839 pater
521 2756 630 2812 autem
647 2739 684 2810 in
702 2737 863 2811 huhhetou
884 2756 1065 2812 mutantur.
1090 2740 1256 2813 Reversus

184 2854 301 2928 Minos
317 2855 353 2926 in
378 2856 508 2928 Cretam
526 2855 763 2939 sanaturum,
791 2854 1014 2954 opprobrium
1032 2855 1162 2949 generis
1179 2854 1254 2940 sui,

117 2988 120 2992 ’
184 2967 377 3069 labyrintho
398 2968 526 3044 Dedali
543 2987 613 3044 arte
628 2969 758 3070 posito,
776 2969 942 3057 includit,
960 2987 994 3044 et
1009 2970 1131 3044 Atticis
1144 2969 1258 3070 pneris

185 3086 310 3184 pascit,
330 3086 484 3187 equibus
499 3086 534 3158 T
531 3085 637 3159 heseus
646 3103 833 3160 monstrum
843 3086 1010 3176 interficit,
1020 3105 1120 3188 atque
1132 3086 1257 3162 Ariad-

184 3229 260 3288 ueu,
281 3204 377 3303 cujus
394 3231 460 3305 ope
477 3231 517 3276 ex
529 3201 721 3304 labyrintho
735 3230 769 3276 se
786 3202 1015 3303 expediverat,
1033 3231 1145 3277 secum
1159 3232 1179 3277 e
1194 3231 1257 3305 pa·

185 3318 249 3391 tria
266 3318 398 3392 ductam
414 3320 450 3392 in
469 3319 534 3394 Dia
550 3318 660 3392 insula
677 3318 852 3420 relinquit,
869 3321 929 3394 ubi
945 3350 1016 3397 earn
1031 3321 1183 3395 Bacchus
1201 3349 1256 3394 as·

185 3432 306 3519 sumit,
322 3433 459 3533 ejusque
473 3461 614 3507 coronam
625 3434 714 3506 inter
724 3433 825 3507 nidero
837 3433 990 3509 collocat.
1005 3434 1165 3510 Daedalus
1175 3463 1255 3510 vero

185 3576 289 3647 quum
314 3575 353 3622 ex
379 3549 488 3624 insula
515 3547 572 3624 illa
598 3548 755 3645 aufugere
781 3579 852 3624 non
869 3571 1002 3652 posset,
1027 3551 1089 3627 alis
1109 3554 1255 3628 inventis

183 3670 346 3760 evolavit,
364 3674 421 3746 sed
445 3675 558 3748 Icoms
579 3693 659 3776 post
681 3693 809 3775 patrem
834 3678 949 3752 volans
976 3679 1168 3753 submersus
1192 3696 1252 3754 est.

184 3785 267 3883 Ejus
294 3788 465 3887 exsequias
493 3789 714 3865 celebrantem
738 3791 822 3864 vidit
850 3810 997 3892 patrem,
1028 3791 1254 3895 gaudiumque

184 3917 304 3975 testata
315 3920 366 3977 cst
376 3903 508 4005 perdia,
525 3935 543 3978 e
556 3906 685 3981 Perdice
698 3924 756 3983 aut
764 3906 864 3994 Talo,
883 3908 1059 4004 ingenioso
1072 3907 1253 3984 multarum

182 4046 293 4092 rerum
310 4020 502 4109 inventore,
529 4051 627 4122 quem
650 4022 807 4098 Daedalus
830 4022 953 4097 invidia
975 4043 1087 4098 motus
1113 4054 1154 4100 ex
1180 4055 1253 4101 arce

183 4133 342 4207 Minerva*
353 4138 554 4238 praecipitem
564 4140 707 4225 miserat,
719 4139 999 4215 transformata]
997 4142 1102 4217 hescus
1115 4144 1252 4233 interea,

182 4277 286 4348 quum
302 4247 536 4324 celeberrimus
552 4252 618 4350 jam
632 4271 737 4341 esset,
758 4255 800 4329 ad
815 4285 923 4356 aprum
952 4257 1155 4363 Calydonium
1183 4256 1264 4334 tol-¹

180 4364 317 4440 lendum
330 4384 465 4441 vocatus
479 4385 547 4455 est,
563 4397 661 4468 quem
678 4373 836 4446 Atolooto
846 4374 952 4474 prima
965 4375 1159 4449 vulneravit.
1175 4378 1252 4451 Me-

180 4485 402 4585 leagerautem
423 4485 604 4573 interfecit,
629 4487 723 4585 cujus
746 4510 888 4564 mortem
906 4483 1099 4566 acceleravit
1115 4493 1254 4568 Althaea

179 4617 301 4690 mater,
321 4603 500 4678 combusto
520 4604 633 4706 stipite
650 4605 751 4681 fatali.
780 4607 928 4682 Theseus
942 4638 981 4685 cx
995 4610 1057 4684 ista
1073 4611 1250 4693 venatione
