2662 5092
304 779 826 848 METAMORPHOSEON
849 784 945 851 LIB.
973 786 1027 851 11.
1138 787 1198 858 163

132 918 313 993 Flumiueee
329 918 480 994 volucres
497 921 608 996 medio
626 921 754 997 caluere
772 925 922 1024 Caystro.

137 1034 230 1110 Nilus
247 1036 285 1109 in
299 1051 482 1110 extremum
500 1036 586 1132 fugit
603 1039 799 1138 perterritus
814 1039 948 1126 orbem,

137 1153 358 1256 Occuluitque
375 1171 494 1256 ceput,
513 1154 603 1257 quod
621 1155 729 1229 adhuc
748 1154 850 1231 latet:
869 1156 954 1230 ostia
968 1174 1094 1257 neptem
1150 1181 1200 1232 255

136 1276 370 1353 Pulverulenta
385 1296 517 1365 vacant,
535 1295 662 1378 septem
679 1278 750 1353 sine
766 1278 901 1352 flumine
918 1277 1028 1354 ealles.

136 1402 216 1474 Fors
233 1400 348 1475 eadem
365 1400 521 1474 Ismarios
539 1400 692 1475 Hebrum
710 1430 785 1476 cum
803 1403 977 1503 Strymone
991 1403 1105 1492 siccat,

136 1525 384 1626 Hesperiosque
392 1551 514 1614 amnes,
525 1514 692 1615 Rhenum,
704 1524 982 1627 Rhodanumque,
995 1527 1197 1630 Padumque,

132 1749 185 1796 pas.
202 1728 309 1784 Gallim.
321 1729 347 1782 h,
360 1729 420 1784 Del,
433 1733 499 1796 250,
515 1731 592 1804 cygni
604 1730 642 1784 di·
692 1742 843 1801 utrumque.
852 1732 961 1786 Etenim
969 1751 1062 1786 omnes
1068 1744 1150 1789 terras
1156 1746 1201 1790 aut

135 1819 230 1861 etratus·
256 1809 394 1861 Maeuiam
418 1810 550 1862 Pactolum
575 1809 643 1861 reli·
691 1811 893 1876 remotissimas,
908 1821 953 1862 aut
966 1809 1076 1863 Oceano
1088 1825 1200 1866 conter-

137 1884 226 1953 quisse.
238 1885 351 1937 Hecale
363 1883 437 1937 enim
453 1904 513 1953 para
524 1885 644 1954 superior
692 1889 793 1955 minas,
808 1888 924 1942 Romani
938 1897 1129 1944 extremumue
1141 1896 1205 1945 alu·-

136 1961 224 2034 Lydiae
233 1962 262 2015 in
274 1981 325 2032 qna
337 1962 448 2016 Tmolus
460 1973 487 2016 et
497 1964 556 2017 sons
565 1962 644 2035 Cays·
691 1988 757 2021 aaran
764 1972 846 2021 aelam
856 1969 995 2034 dixerunt,
1008 1988 1032 2023 v.
1044 1990 1066 2023 c„
1080 1969 1201 2039 indiam,

136 2039 260 2094 trizvide
276 2040 422 2111 spanhem,
441 2041 473 2095 ad
490 2041 642 2096 Callimada.
693 2047 786 2101 Amor.
813 2047 857 2114 11,
882 2066 929 2114 vr,
947 2049 1000 2113 383
1027 2048 1166 2118 Pontum,
1189 2051 1201 2104 l

136 2116 206 2171 dicto
223 2116 289 2171 loco.
301 2144 336 2159 -
355 2119 484 2182 Carmine,
500 2130 596 2186 cantu,
614 2130 645 2173 nt
693 2125 772 2178 Triat.
786 2141 812 2191 1,
831 2146 894 2197 ray;
910 2126 970 2192 Ill,
988 2143 1015 2192 ι,
1036 2129 1085 2190 50;
1102 2129 1199 2197 Hispa·

136 2196 174 2263 X,
185 2196 252 2263 453:
264 2196 342 2264 eet,
357 2198 407 2252 386
415 2218 435 2252 a.
448 2201 577 2253 Celebrate
586 2218 644 2253 eae-
692 2202 765 2255 niam
776 2241 784 2269 ,
795 2201 892 2257 Lucan.
902 2204 973 2271 Vll,
983 2206 1037 2271 541.
1050 2204 1143 2274 Neque
1152 2205 1202 2262 hoc

134 2280 214 2335 meae,
237 2274 390 2343 frequentes
406 2285 498 2328 centua
515 2294 643 2329 exercere.
692 2281 748 2350 ipso
760 2279 955 2353 locoAEgyptus
968 2281 1138 2352 intelligenda
1148 2294 1201 2352 est,

137 2350 239 2408 Cantus
254 2370 320 2406 vero
332 2370 476 2426 cycnorum
489 2354 566 2424 longe
578 2374 644 2407 sua·
692 2356 738 2411 sed
750 2356 900 2428 AEthiopia,
921 2357 992 2411 unde
1010 2360 1037 2411 in
1056 2359 1202 2432 AEgyptnm

134 2431 252 2485 vitiatus
259 2430 429 2500 perhibetur,
444 2430 516 2484 unde
528 2431 583 2486 haec
593 2431 645 2487 avis
692 2436 892 2506 ll'e'lasproiluit.
899 2436 1201 2508 EtiamAEschylAErom.

139 2507 571 2580 Apollinistmetpcluds'edicta.
585 2510 645 2563 Du·
692 2513 932 2583 813,AEthiopiam
942 2518 1129 2590 vocatealaayla
1143 2529 1203 2584 yla,
1248 2540 1254 2553 ·

137 2585 253 2641 bierunt
272 2598 362 2641 temen
376 2589 432 2656 jam
446 2589 518 2641 inter
534 2588 644 2643 Veteres
693 2591 737 2643 ubi
746 2611 769 2644 v,
778 2592 892 2644 Selseele.
905 2589 959 2644 Sed
969 2590 1110 2644 Veteribus
1119 2593 1204 2661 ignoti

136 2666 257 2721 nonnulli
264 2707 273 2734 ,
282 2688 334 2723 nc.
348 2668 445 2723 AElian.
456 2670 519 2723 Var.
532 2669 600 2723 Hist.
612 2689 622 2721 ι
635 2710 643 2736 ,
693 2669 862 2722 erautsontes
871 2666 925 2721 Nili
933 2689 939 2731 ;
947 2665 1018 2720 uude
1026 2706 1033 2734 ,
1042 2671 1203 2722 aeenlaa'tca-

138 2750 182 2812 ιζ,
192 2764 226 2800 an
235 2748 310 2820 cycni
318 2757 427 2800 cantum
435 2745 529 2811 edant;
537 2746 583 2800 sed
591 2746 643 2801 vid.
688 2753 747 2815 pal,
759 2747 1005 2815 qaodadlaelalel5
1016 2745 1202 2813 quibusverbie

129 2822 239 2880 Ernesti
257 2824 291 2879 ed
309 2822 522 2891 Callimachum,
541 2824 643 2897 hyrnno
693 2822 816 2892 expressit
832 2821 929 2876 Tibull.
947 2823 979 2888 1,
999 2836 1059 2886 vn,
1079 2824 1110 2875 23
1124 2843 1131 2876 t
1146 2827 1205 2877 Nile

132 2902 216 2973 Apoll.
231 2908 264 2969 5,
279 2902 327 2955 ubi
340 2901 479 2955 vidalinus
490 2913 597 2969 narrat,
617 2923 645 2957 se
688 2909 775 2970 paler,
789 2922 897 2971 quanam
904 2922 1008 2971 passam
1020 2911 1045 2956 le
1055 2905 1138 2955 dicere
1146 2923 1203 2957 can-

130 2980 284 3038 inlslandia
291 2999 349 3035 uon
360 3001 421 3035 raro
431 2992 539 3035 cantum
549 3001 644 3054 cycno-
692 3001 737 3045 sa,
752 2983 809 3035 Aa!
818 2986 907 3050 qae'las
918 2988 945 3035 e'a
957 2987 1048 3047 leeris,
1064 2986 1205 3037 occaluisse

128 3062 277 3132 rumlonge
285 3061 467 3116 novissimum
474 3080 644 3116 summatum
691 3065 793 3129 capul?
810 3060 926 3113 Fontem
944 3060 998 3113 Nili
1009 3077 1127 3128 querere
1139 3060 1202 3114 olim

128 3137 262 3210 voluptate
272 3136 401 3192 audivisse
414 3160 420 3201 ;
431 3138 495 3191 illud
508 3137 589 3192 modo
598 3158 644 3192 ne·

129 3229 187 3288 pet,
201 3236 250 3273 eos
261 3218 344 3270 morti
358 3218 456 3271 vicinos
467 3237 570 3272 canere.

158 3297 218 3352 253.
238 3298 376 3350 Fleare'aee
392 3301 512 3350 volucres,
539 3296 643 3369 Cycni,

130 3373 371 3444 quilrequentesin
380 3384 436 3426 toto
443 3373 488 3426 illo
497 3373 566 3427 Aaiae
576 3385 646 3427 trac-

131 3452 330 3507 remunerari
338 3451 471 3505 solebant:
479 3452 562 3506 Hom.
576 3451 605 3506 Il.
616 3462 643 3520 B,

132 3528 194 3594 4⁶⁰3
201 3528 278 3600 Vieg.
286 3526 384 3598 Georg.
393 3528 414 3590 l,
424 3528 472 3581 383
479 3548 534 3597 sqq.
545 3549 552 3594 ;
561 3528 643 3583 Dion.

134 3606 206 3661 Ala.
212 3604 269 3661 m.
279 3605 347 3662 lntle
355 3612 432 3665 κύκνος
440 3615 548 3675 Καῦςρου
557 3645 564 3673 ‚
575 3605 644 3675 apud

132 3684 293 3737 Anars‘eout.
308 3681 381 3756 hym.
400 3681 486 3751 Apoll.
499 3683 523 3734 8.
544 3682 645 3736 Amant

131 3771 220 3816 antem
233 3761 311 3834 cycni
317 3765 436 3829 flamina.
455 3760 523 3813 Vide
539 3761 594 3834 379
612 3789 645 3801 —

132 3841 245 3910 (hyster,
257 3858 274 3891 e
284 3837 482 3907 Cilbianisjugis
487 3839 581 3904 oritur,
588 3856 644 3891 non

130 3918 223 3987 procul
233 3938 248 3972 a
258 3918 357 3972 Tmolo
367 3931 474 3985 monte,
489 3919 601 3991 Lydiam
612 3920 645 3973 ir·

129 3998 212 4070 rigat,
223 4009 283 4053 tum
291 3997 429 4068 Ephesum
438 3998 525 4065 alluit,
534 3998 644 4052 tandem

128 4075 156 4130 in
167 4096 242 4131 mare
263 4077 423 4131 infunditur.
440 4077 642 4145 StraboXllI,

130 4175 155 4224 p.
165 4156 224 4212 tat.
236 4156 307 4212 Plin.
322 4157 392 4210 Hist.
405 4158 465 4210 Nat.
479 4157 521 4223 V,
535 4175 575 4228 age

159 4239 217 4304 254.
229 4238 309 4290 Nilus
319 4242 348 4289 ln
358 4245 494 4289 extremam
495 4278 542 4291 ......
553 4240 642 4290 aedem.

129 4314 262 4370 Brouclh.
272 4315 304 4370 ad
314 4318 436 4385 Propert.
444 4317 486 4384 ll,
497 4315 641 4387 Elepxm,

130 4397 175 4461 40,
190 4407 304 4461 monet,
324 4395 436 4450 Veteres
448 4415 495 4466 per
508 4403 643 4449 extremum

130 4476 209 4526 orlaa
219 4473 377 4527 intellexisse
386 4473 532 4546 AEgyptum
543 4512 550 4539 ,
563 4490 643 4542 quam

133 4548 158 4601 in
169 4570 229 4609 rem
237 4549 329 4605 laudat
339 4548 419 4605 etiam
429 4550 502 4604 bunc
512 4551 560 4604 loc.
571 4549 643 4603 Male

691 3140 764 3194 iuter
785 3156 881 3209 magua
900 3138 1064 3208 problemata
1082 3139 1203 3197 relatum.

692 3217 794 3276 Nostris
802 3218 978 3288 temporibus,
987 3219 1070 3271 Braee
1080 3231 1203 3290 penetra-

691 3297 728 3350 vit
741 3294 772 3348 ad
785 3306 838 3350 tres
847 3295 905 3365 ejus
916 3297 1003 3348 sontes
1013 3296 1041 3347 in
1056 3294 1202 3368 Abyssinia.

725 3376 781 3427 255.
804 3375 887 3441 Capul
901 3372 975 3426 fluvii
994 3382 1033 3425 est
1050 3373 1125 3440 sons,
1144 3382 1202 3427 nou

692 3452 839 3516 ostium,nt
846 3449 953 3520 quidam
960 3461 1094 3520 putarunt.
1100 3451 1142 3505 De
1148 3471 1203 3520 sep-

691 3528 1203 3597 eamosenevid.strab.xvll,init.Ho-

692 3607 733 3660 die
742 3606 795 3659 duo
806 3617 910 3661 tentum
920 3617 1020 3662 restant
1031 3608 1199 3679 navigabilia,

692 3704 806 3755 quorum
813 3684 888 3738 alteri
896 3682 997 3753 adjacet
1008 3684 1201 3749 Raselle,oli1n

693 3761 818 3832 Canopus
826 3802 833 3829 ,
841 3761 916 3815 alteri
923 3764 1065 3828 Damlelle,
1074 3764 1139 3816 olim
1149 3765 1199 3816 Pe·

690 3843 834 3897 lusium—
846 3842 960 3905 Vaeael,
973 3862 1053 3898 vacua
1062 3884 1069 3912 ,
1079 3842 1203 3896 destitute

691 3932 753 3972 sunt
765 3919 846 3988 aquis.

722 4003 779 4069 ²⁵7·
790 4000 901 4052 Hebrum
913 4018 969 4053 eum
982 4000 1116 4070 Slryenaee.
1140 4000 1204 4053 lte-

689 4077 752 4130 brus
762 4087 789 4129 et
796 4075 1005 4151 Strymoulluvii
1012 4075 1145 4143 Thracia,
1156 4079 1203 4146 qui

690 4158 718 4210 in
737 4161 811 4210 mare‘
828 4157 944 4229 AEgeum
964 4156 1102 4224 defluunt,
1125 4158 1167 4211 hic
1186 4176 1201 4208 e

690 4234 797 4303 Pangeo
809 4245 919 4302 monte,
939 4235 982 4288 ille
1000 4256 1030 4288 cx
1049 4236 1153 4288 Haemo.
1167 4259 1201 4272 ·-

690 4317 824 4379 lamereias,
836 4315 862 4368 id
871 4326 910 4369 est
918 4316 1075 4379 Thracicos;
1088 4332 1150 4368 narn
1160 4315 1203 4363 ls-

689 4416 772 4448 maras
784 4415 861 4449 mons
871 4396 1008 4461 Thraciae,
1024 4396 1086 4446 vino
1098 4391 1200 4444 nobilia,

720 4471 776 4526 258.
791 4476 973 4541 Hesperiasque
985 4490 1079 4523 amnes.
1097 4469 1202 4536 Hespe·

689 4549 756 4601 riam
766 4587 774 4614 ,
785 4548 813 4601 id
825 4559 863 4602 est
875 4558 973 4602 terram
990 4544 1198 4612 occidentalem,
