2662 5092
489 694 1018 765 METAMORPHOSEON.
1252 703 1296 771 35

216 866 343 926 soror,
357 833 490 910 invidia
504 862 633 910 veneno
649 833 771 908 insecta
786 835 821 907 in
837 863 947 910 surum
963 836 1154 932 obrigescit.
1176 839 1298 918 Postea

217 962 371 1063 Jupiter,
392 986 496 1060 quum
511 956 717 1032 Mercurium
730 958 766 1030 in
779 956 894 1032 caelum
907 988 1073 1034 reversum
1087 961 1192 1037 bores
1206 964 1296 1060 Age·

218 1086 317 1160 noris
334 1083 376 1160 ad
393 1082 475 1157 litus
492 1098 637 1156 avertere
652 1081 822 1179 jussisset,
840 1101 949 1156 sumta
965 1085 1051 1157 tauri
1061 1087 1193 1185 specie,
1221 1086 1296 1162 Eu-

221 1237 332 1310 ropam
346 1235 409 1309 per
424 1233 514 1280 mare
532 1205 567 1278 iu
586 1204 719 1279 Cretam
743 1205 931 1279 transvexit.

273 1365 351 1438 Lllt.
367 1363 429 1435 lll.
455 1357 572 1434 Filiam
588 1359 742 1434 amissam
754 1359 892 1455 Agenor
913 1357 1065 1432 Cadmum
1078 1360 1174 1459 jubet
1185 1361 1293 1439 inres-

225 1488 339 1584 ligare.
361 1484 467 1584 Quod
482 1484 563 1558 dum
578 1481 635 1558 ille
652 1483 753 1572 lacit,
771 1482 808 1557 in
824 1484 987 1559 Boeotiae
1005 1484 1144 1559 dentibus
1155 1486 1295 1563 draconis

227 1611 327 1687 occisi
356 1611 431 1685 saa‘s
457 1625 659 1684 enascuntur
681 1606 836 1695 domines,
864 1610 1065 1709 quibuscum
1090 1608 1146 1683 ille
1176 1611 1298 1687 deiude

226 1734 358 1810 Thebas
371 1732 533 1808 condidit.
549 1733 638 1806 Huic
649 1760 720 1805 non
734 1732 871 1806 omnino
885 1732 972 1807 lelici
985 1732 1137 1808 luctuosa
1149 1735 1295 1836 primum

228 1855 288 1930 suit
299 1856 463 1931 Accusat
473 1853 607 1956 nepotis
618 1855 654 1927 in
668 1882 784 1928 cerrum
793 1855 911 1928 mutati
927 1854 1113 1946 dilaniati0;
1127 1886 1292 1958 quaerero

228 1980 372 2067 lunoni,
389 2007 490 2080 quum
505 1978 644 2052 &meleu
655 1977 822 2080 pellicem,
837 1978 953 2053 Cadmi
964 1978 1083 2069 filiam,
1108 1999 1147 2055 ut
1161 2010 1295 2057 omnem

229 2102 395 2199 Agenoris
409 2101 566 2191 domum,
587 2101 732 2191 odisset,
753 2120 844 2198 grata
862 2102 925 2177 fuit
944 2103 1109 2206 :ideoque
1126 2105 1168 2180 ad
1186 2106 1294 2208 ipsam

232 2223 306 2300 facie
317 2225 440 2300 Berm
452 2223 628 2312 accedeus,
645 2224 724 2297 dolo
737 2224 861 2313 effecit,
878 2243 915 2300 ut
924 2225 981 2299 illa
990 2227 1293 2305 Jovissulminibus

230 2349 488 2422 combureretur.
513 2348 603 2420 Dum
621 2345 784 2432 Bacchus,
805 2377 823 2423 e
841 2348 986 2423 Semeles
1007 2349 1177 2445 flagrantis
1194 2371 1291 2428 utero

229 2487 394 2557 servatus,
410 2467 447 2543 in
465 2469 562 2544 terris
578 2470 747 2558 nutritur,
765 2471 899 2570 Jupiter
921 2499 997 2544 cum
1017 2473 1152 2546 Junone
1176 2473 1294 2576 dispu-

228 2607 324 2678 tans,
341 2592 476 2668 utrasit
491 2593 609 2667 Venus
625 2592 774 2679 suavior,
794 2591 945 2665 Tiresiam
960 2592 1097 2666 adhibet
1110 2594 1293 2684 arbitrum,

221 2713 500 2817 quandoquidem
515 2741 629 2788 serum
645 2732 823 2814 utrumque
842 2713 950 2787 suerat
965 2733 1132 2815 expertus.
1152 2719 1204 2806 Is,
1229 2717 1294 2793 lata

214 2856 341 2912 contra
357 2838 528 2912 Junonem
545 2837 726 2925 sententia,
750 2837 792 2911 ab
811 2836 867 2910 illa
885 2836 1018 2937 quidem
1036 2838 1109 2912 visu
1125 2840 1292 2941 privatus,

210 2988 231 3036 a
249 2963 344 3036 Jove
363 2976 475 3035 autem
497 2958 697 3033 vaticinandi
726 2959 896 3033 scientiam
916 2980 1115 3035 consecutus
1131 2979 1192 3036 est.
1221 2965 1296 3038 Pri-

207 3113 314 3161 mum
331 3083 408 3183 ejus
425 3082 595 3158 oraculum
617 3084 653 3156 in
679 3085 828 3159 Narcisso
854 3085 1108 3185 comprobatum
1131 3084 1195 3159 suit
1210 3116 1218 3160 ε
1233 3088 1291 3189 qui

208 3236 329 3311 quum
349 3204 481 3308 puellas
499 3234 632 3293 omnes,
648 3205 736 3279 inter
751 3234 833 3308 quas
849 3224 883 3281 et
898 3206 991 3280 Echo
1006 3235 1074 3308 prae
1091 3207 1212 3283 amoris
1228 3210 1293 3284 im·

206 3331 386 3434 patientia
396 3329 434 3404 in
442 3358 546 3406 vocem
554 3331 660 3405 suerat
674 3360 841 3420 conversa,
853 3333 1109 3421 comtemsisset,
1119 3334 1290 3436 suiipsius

211 3455 360 3531 tandem
386 3482 497 3528 amore
525 3447 783 3543 contabescens,
790 3453 859 3555 flos
874 3471 924 3529 est
942 3455 1048 3528 sactus
1065 3457 1118 3529 sui
1133 3457 1291 3533 nominis.

211 3576 384 3653 Pentheus
401 3595 511 3652 tamen
527 3594 633 3651 vatem
649 3576 740 3650 bunc
755 3576 916 3650 irridebat
930 3606 939 3664 ;
971 3604 1160 3679 quanquam
1178 3597 1211 3654 et
1227 3581 1295 3682 ipsi

209 3704 289 3778 fata
299 3702 416 3778 futura
423 3702 642 3804 predicebat,
658 3702 782 3802 quibus
792 3730 870 3774 mox
882 3719 1019 3776 eventus
1029 3705 1181 3778 constitit
1193 3734 1202 3778 :
1215 3733 1293 3779 nam

212 3854 329 3928 quum
348 3825 457 3921 Orgia
473 3824 742 3913 celebrarentur,
770 3823 826 3897 ille
853 3824 1033 3912 Bacchum,
1062 3827 1126 3901 sub
1152 3856 1296 3928 persona

213 3949 340 4024 famuli
356 3977 527 4024 sacrorum
547 3946 722 4035 latentem,
740 3964 921 4048 postquam
939 3949 973 4020 T
961 3949 1114 4054 yrrheaos
1128 3966 1238 4025 mutus
1257 3952 1293 4024 in

219 4073 386 4173 delplaisos
401 4101 473 4149 esse
491 4074 744 4148 transformatos
757 4072 799 4146 ab
818 4072 934 4147 eodem
948 4093 1162 4168 cognoverat,
1173 4076 1209 4148 in
1222 4077 1295 4149 vin·

225 4194 303 4269 cula
319 4197 479 4297 conjecit3
504 4197 549 4271 ob
571 4196 663 4298 quod
679 4196 806 4271 lacinus
822 4226 841 4269 a
855 4198 1002 4271 Bacchis
1013 4216 1064 4272 est
1081 4198 1266 4300 discerptus
1281 4226 1290 4285 ;

230 4319 266 4390 icl
279 4321 367 4422 quod
383 4349 538 4419 magnam
553 4322 643 4424 apud
657 4349 772 4395 omnes
786 4321 885 4396 fidem
903 4322 1004 4396 sacris
1022 4320 1218 4396 conciliavit.

280 4471 352 4545 bnt.
367 4473 428 4546 lv.
456 4470 605 4549 Alcithoe
619 4489 727 4545 tamen
741 4489 774 4545 et
787 4499 939 4560 sorores,
960 4487 1151 4543 constanter
1160 4495 1197 4541 ea
1210 4494 1293 4548 cone
