2662 5092
133 807 176 892 40
573 808 760 879 snmus

128 966 260 1022 ceteras
271 948 365 1048 pinus
385 975 426 1021 ex
450 948 525 1054 Ats
544 965 642 1050 atque
660 977 818 1049 cupressus
834 978 851 1022 e
872 946 1040 1054 Cypaa'ssa
1056 965 1196 1029 mumta.

131 1063 281 1137 Canebat
297 1080 406 1137 autem
428 1061 484 1138 ille
507 1064 548 1139 de
573 1083 672 1166 raptu
698 1062 904 1171 Gaayrmde's,
937 1062 977 1136 de
1001 1061 1194 1168 Hyacinthi,

128 1178 170 1253 ab
186 1177 345 1281 Apolline
359 1181 457 1253 amati
472 1198 506 1254 et
523 1181 703 1268 interfecti,
722 1182 758 1253 in
783 1177 978 1286 hyacinthum
993 1178 1136 1266 florem,
1156 1180 1198 1255 de

134 1293 328 1369 Cerastanaa
343 1297 378 1369 in
390 1312 512 1382 taum,
533 1297 573 1372 de
586 1297 835 1398 Pmpatidamm
847 1297 882 1370 in
895 1294 1031 1395 Ιαρὰίιι,
1051 1295 1093 1369 de
1109 1297 1200 1397 Pyg-

131 1409 286 1484 malionis
302 1426 403 1485 statua
417 1413 453 1484 in
468 1413 620 1486 rauh'erem
635 1413 736 1485 uiuam
762 1411 879 1508 (unde
896 1429 995 1484 natus
1011 1409 1144 1510 Paphus
1156 1415 1196 1506 ),

133 1524 172 1599 de
190 1525 352 1632 Myrrha,
369 1545 509 1628 propter
523 1528 687 1602 incestum
703 1556 778 1601 cum
797 1544 890 1628 patre
908 1526 1143 1613 concubitum,
1164 1527 1202 1600 in

133 1639 296 1748 Myrrham
312 1643 486 1730 arborem,
502 1661 601 1745 atque
617 1643 657 1716 de
673 1641 851 1728 Adonidis,
871 1642 924 1715 coi
942 1644 1057 1715 Venus
1074 1641 1202 1743 lhapa-

133 1758 226 1832 meurs
235 1760 442 1834 etAtalaatoe
449 1760 484 1831 in
495 1756 619 1861 templo
631 1758 923 1833 concumbentium
934 1758 969 1830 in
981 1757 1081 1832 Ieaaes
1091 1776 1202 1832 trans-

132 1873 349 1950 formationes
366 1894 567 1965 narraverat,
589 1876 625 1949 in
642 1904 815 1951 auemoaem
833 1874 1027 1949 mutatione.

184 2037 260 2110 Iulo.
280 2038 339 2108 XI.
360 2035 449 2108 Hinc
469 2035 615 2110 Thracia
629 2037 768 2109 rauh'eres
779 2063 882 2135 quum
899 2032 1037 2134 Orphea
1052 2032 1205 2134 discerp-

135 2151 272 2237 sissent,
291 2166 443 2250 serpente,
466 2152 523 2251 qui
541 2180 578 2225 os
599 2152 669 2250 ejus
686 2152 837 2252 petebat,
856 2152 891 2222 in
907 2149 1039 2249 lmridem
1053 2167 1203 2238 mumto,

135 2266 172 2338 in
187 2265 309 2339 arbores
324 2294 488 2340 conversae
505 2285 584 2341 sunt
597 2298 616 2342 a
627 2269 776 2357 Baccho,
796 2269 873 2369 qui,
892 2267 1023 2353 relicta,
1039 2267 1084 2340 ob
1097 2267 1205 2340 inter·

135 2382 258 2456 fectum
268 2400 374 2457 vatem
383 2384 540 2472 Thracia,
552 2385 588 2456 in
600 2384 777 2486 Phrygiam
788 2413 823 2459 se
832 2383 990 2469 contulit,
1001 2383 1063 2456 ubi
1070 2382 1202 2468 Midas,

138 2499 192 2572 cui
210 2527 273 2597 pro
297 2498 412 2573 Sileno
434 2499 589 2573 restituto
615 2503 687 2575 auri
711 2503 827 2602 capiam
851 2501 939 2574 lecit.
967 2500 1071 2598 Cujus
1097 2528 1208 2605 quum

138 2613 234 2689 illum
249 2617 440 2717 peniteret,
460 2618 496 2690 in
514 2618 646 2691 Pactolo
666 2616 757 2691 lotus
778 2645 885 2690 arenas
908 2619 979 2714 ejus
1000 2644 1108 2690 aureas
1129 2615 1208 2689 red·

139 2732 233 2807 didit.
255 2734 378 2808 Postea
392 2734 541 2809 Phoebns
558 2763 620 2835 pro
636 2735 754 2835 iniquo
765 2734 891 2832 judicio
904 2761 992 2806 aures
1008 2731 1058 2804 illi
1072 2731 1208 2805 mammas

139 2849 269 2923 tribuit.
288 2849 368 2944 Quo
381 2849 480 2936 sacto,
490 2851 626 2949 Trojam
637 2849 808 2951 profectus
819 2847 955 2949 Apollo,
967 2845 1208 2921 Laomedontem

139 2992 254 3038 muros
271 2967 438 3064 Trojanos
455 2983 678 3041 exstruentem
699 2967 834 3065 adjuvit.
868 2965 985 3041 Filiam
1002 2965 1074 3062 ejus
1090 2963 1208 3037 Hesio·

140 3110 217 3168 um,
239 3112 319 3158 saxo
336 3082 516 3178 alligatam,
538 3082 690 3158 liberavit
707 3081 886 3170 Hercules,
905 3083 1081 3181 conjugem
1096 3099 1209 3155 antem

143 3196 239 3273 duxit
259 3199 294 3270 T
291 3199 425 3284 emmau,
446 3198 723 3299 quemadmodum
746 3199 859 3273 Peleus
873 3198 1016 3274 Thetida
1043 3197 1210 3271 transfor·

141 3341 239 3387 mern.
271 3317 304 3388 ls
329 3315 370 3389 ad
400 3317 539 3417 Ceycem
567 3332 685 3416 postca
711 3315 903 3416 profectos,
936 3313 1157 3390 Dadah'ouem
1173 3313 1210 3385 in

143 3430 334 3527 mammem,
366 3450 399 3506 et
414 3433 519 3534 lupueu
540 3432 575 3504 in
599 3458 710 3505 sanum
727 3459 943 3519 conversum,
971 3429 1093 3530 partim
1109 3425 1211 3502 intel-

142 3543 281 3631 lexerat,
300 3548 421 3646 partim
438 3549 510 3649 ipse
525 3548 659 3622 viderat
693 3546 758 3621 Sed
784 3545 871 3652 Ceyx
888 3546 923 3619 in
939 3546 1056 3620 itinere
1074 3546 1118 3620 ad
1129 3575 1212 3621 ora-

145 3657 257 3733 culum
273 3659 421 3737 Clarium
438 3683 592 3765 suscepto
612 3663 712 3764 periit
729 3660 913 3756 nausuagio.
926 3661 1059 3735 Accidit
1073 3662 1211 3750 deinde,

144 3791 184 3848 ut
199 3775 377 3880 Halcyone,
397 3779 517 3852 manto
535 3796 616 3880 post
631 3775 841 3872 naufragium
860 3776 923 3849 snb
941 3775 1092 3876 Morphee‘
1104 3777 1215 3874 figura

146 3891 329 3964 secundum
346 3890 491 3990 quietern
509 3909 709 3993 conspecto,
725 3891 762 3964 in
774 3892 938 3997 halcyonem
953 3919 1061 3978 avem,
1077 3891 1168 3997 sicut
1179 3910 1215 3968 et

146 4006 294 4094 maritos,
309 4023 501 4080 mutaretur.
516 4009 615 4104 Quos
628 4007 775 4082 volantes
790 4036 893 4108 quum
905 4006 1216 4085 animadvertissent

147 4123 297 4222 quidam,
315 4123 499 4209 AEsacum,
520 4124 643 4197 Priami
659 4122 781 4210 filium,
807 4123 974 4224 quondam
1000 4125 1035 4197 in
1052 4154 1211 4226 mergum,

148 4239 205 4341 qui
225 4257 295 4313 tum
309 4239 396 4313 sorte
414 4240 546 4327 aderat,
563 4240 739 4315 meminere
760 4241 1038 4316 transformatum.

195 4414 272 4486 Lm.
288 4414 366 4485 ΧΠ.
399 4411 488 4484 Huic
503 4429 574 4485 tom
591 4413 736 4487 Priamus
750 4433 859 4515 pater,
880 4434 1037 4516 tanquam
1054 4435 1219 4505 mortuo,

145 4528 319 4629 exsequias
332 4528 411 4602 lecit
422 4557 488 4603 una
500 4557 575 4604 cum
587 4528 681 4619 filiis,
697 4549 833 4633 excepto
844 4532 976 4619 Pande,
996 4533 1102 4634 quiin
1119 4534 1216 4611 Grae-
