2662 5092
219 716 289 786 DE
312 715 479 785 OPERE
502 712 1021 784 METAMORPHOSEON.
1135 718 1154 780 5

103 859 250 960 mythica.
270 861 368 934 Nunc
383 858 478 932 abest
505 886 523 930 a
548 855 791 954 gratulantibus
815 876 873 931 aut
898 854 1157 930 condolentibus

103 1020 202 1076 unns,
222 1019 320 1092 quem
339 1020 397 1065 sna
412 990 479 1065 sata
496 990 706 1077 retinebant,
727 1019 799 1090 qnae
815 990 861 1064 sic
877 1019 946 1064 non
964 987 1047 1064 male
1074 987 1159 1062 rese-

103 1141 234 1208 runtnr;
253 1151 343 1197 nnnc
361 1152 379 1196 a
393 1124 480 1198 lacto
496 1124 652 1225 propiore
668 1139 839 1196 renarrant
850 1121 962 1223 priora
980 1121 1019 1210 ii,
1035 1120 1093 1221 qni
1108 1119 1157 1194 rei

103 1271 196 1349 geste
211 1255 441 1330 interfuerant.
455 1254 626 1329 Interdum
644 1254 812 1328 sententia
828 1253 1031 1354 interposita
1042 1252 1084 1325 ad
1095 1251 1157 1327 alia

102 1413 159 1458 nos
177 1385 325 1472 docunt;
353 1410 452 1488 quam
476 1404 584 1462 umen
605 1385 759 1482 higidam
778 1403 812 1460 et
829 1383 987 1486 puerilem
1011 1383 1156 1459 adsecta-

101 1518 222 1592 tionem
234 1517 379 1615 Quintil.
396 1522 480 1592 lnst.
493 1521 553 1607 lv,
565 1537 596 1606 1,
617 1544 681 1618 71,
696 1517 862 1604 nominat,
877 1515 954 1589 licet
970 1543 1039 1589 non
1058 1533 1159 1611 neget

100 1648 243 1721 extusmi
254 1648 414 1722 Ovidium
426 1648 633 1736 necessitate,
647 1649 713 1723 hoc
724 1667 773 1723 est
784 1648 875 1745 lege,
891 1675 990 1750 quam
1002 1646 1073 1747 ipse
1090 1646 1156 1721 sibi

99 1778 342 1879 prescripserit
371 1780 462 1852 Loco
480 1780 650 1854 sententia
662 1808 901 1882 nonnunquam
918 1763 1014 1881 plura
1031 1808 1070 1854 ex
1087 1779 1156 1853 his·

99 1910 182 1982 toria
198 1926 411 2011 repetuntur,
429 1939 572 2011 quorum
587 1939 651 2013 ope
666 1941 717 1987 res
735 1911 959 1987 dissimillimas
972 1911 1093 2011 juncta
1104 1938 1155 1985 re-

98 2040 283 2139 periuntnr,
302 2060 339 2117 ut
357 2044 512 2118 llereulis
531 2045 719 2145 apotheosis
734 2064 768 2121 et
789 2045 997 2121 Galanthidis
1015 2046 1049 2118 in
1064 2072 1155 2118 mus-

98 2171 191 2246 telam
206 2175 357 2248 mntatio.
376 2176 467 2249 Raro
476 2204 580 2251 nexus
592 2177 758 2277 reperitur
769 2181 888 2278 parum
899 2177 1101 2279 probabilis,
1114 2194 1154 2251 nt

97 2306 146 2393 ll,
174 2303 269 2394 368,
295 2307 357 2381 uhi
382 2308 527 2404 Liguria
557 2337 614 2383 rex
640 2310 761 2405 regina
786 2309 966 2410 AEthiopiae
994 2309 1154 2405 sanguine

96 2437 227 2535 junctus
242 2457 360 2515 contra
378 2439 476 2515 fidem
496 2441 655 2529 traditnr3
682 2445 831 2530 etVlll,
854 2441 945 2533 548,
964 2443 998 2515 in
1012 2471 1152 2537 geogra-

99 2570 210 2670 phiam
233 2600 272 2646 eo
297 2574 436 2649 consilio
461 2594 631 2676 peceatum
649 2593 718 2661 est,
743 2574 822 2646 dum
835 2574 965 2647 Theseo
983 2573 1151 2674 Calydone
1193 2648 1196 2653 ,

95 2701 242 2777 Athenas
258 2705 409 2779 redeunti
431 2705 601 2780 Achelous
616 2705 735 2780 ssuvius
753 2704 918 2804 objicitur.
947 2703 1039 2778 Saltu
1062 2703 1150 2777 sacto

94 2831 136 2920 V,
163 2832 257 2934 572;
279 2835 339 2909 sed
355 2836 410 2908 vix
424 2834 505 2909 alibi
522 2837 689 2911 transitur.
714 2839 837 2911 Verum
855 2836 962 2910 omnis
978 2836 1047 2910 hac
1068 2862 1151 2908 con-

92 2968 185 3041 nexio
200 2966 389 3042 sabularum
403 2968 523 3042 clarius
538 2968 692 3044 elucescit
703 2997 720 3044 e
733 2971 834 3058 serie,
857 2997 955 3070 quam
968 2968 1045 3041 huic
1059 2997 1151 3041 com-

91 3097 286 3170 mentationi
296 3097 496 3197 subjecimus
508 3129 515 3174 :
527 3117 561 3173 et
569 3129 677 3201 operae
686 3101 830 3203 pretium
843 3100 936 3176 estin
949 3097 1148 3201 perlegendo

91 3258 185 3333 opere
202 3233 279 3333 ipso
296 3232 423 3308 adeam
439 3233 616 3308 attendere.

137 3367 228 3440 Hinc
244 3364 429 3453 videamus,
459 3395 524 3466 qua
540 3383 608 3441 arte
626 3367 758 3468 mythos
776 3367 823 3440 sic
840 3394 942 3440 nexos
962 3383 1061 3467 poeta
1080 3365 1148 3440 dis-

91 3499 238 3598 posuerit
253 3515 352 3599 atque
366 3502 579 3574 exornaverit.
592 3501 780 3601 Plerisque,
799 3499 856 3600 qui
870 3507 1037 3574 narrantes
1050 3499 1148 3572 indu-

91 3650 225 3720 cuntur,
244 3632 441 3706 tribuuntur
458 3662 530 3734 qua
549 3635 700 3735 personis
715 3662 828 3708 eornm
846 3634 1056 3709 conveniunt.
1072 3635 1149 3707 See·

87 3759 175 3838 lestae
193 3763 343 3838 Pierides
369 3783 491 3838 canunt
508 3795 581 3866 quae
596 3767 688 3838 Deos
701 3763 871 3853 dedecent,
884 3765 985 3866 impia
994 3764 1146 3838 Arachne

87 3895 275 3969 eorumdem
299 3894 424 3991 llagitia
451 3897 549 3984 texit;
569 3895 772 3996 Minyeides,
789 3896 907 3999 puella
935 3896 1145 3998 petulantes,

87 4031 253 4106 amoribus
262 4032 454 4107 enarrandis
464 4031 660 4127 indulgent3
678 4034 854 4135 Orpheus,
869 4033 1055 4108 Thracibus
1064 4061 1146 4134 pne·

87 4188 198 4236 rorum
214 4192 359 4239 amorem
378 4164 687 4253 commendaturus,
712 4165 753 4239 de
774 4165 886 4267 pneris
913 4166 1001 4239 canit
1028 4195 1045 4238 a
1072 4165 1146 4238 Diis

90 4292 221 4371 dilectis.
235 4298 414 4373 Varietatis
432 4327 528 4374 cansa
544 4298 698 4373 nonnulli
711 4329 770 4375 sna
785 4300 851 4376 fata
863 4301 927 4401 ipsi
938 4316 1090 4385 narrant,
1108 4314 1147 4370 ut

94 4429 250 4507 hrethusa
268 4448 303 4507 et
319 4429 507 4519 Achelous,
528 4459 725 4532 quamquam
750 4432 804 4506 hic
826 4434 939 4507 minus
954 4428 1148 4514 commode,
