2662 5092
155 678 1201 719 mmmmm

148 870 892 984 METAMORPHOSEON
933 880 1200 992 SERIES

644 1113 701 1167 EX

188 1311 240 1398 G.
276 1311 525 1398 CANTERI
555 1313 726 1399 NOVIS
758 1313 1149 1406 LECTIONIBUS·

345 1552 488 1622 NUNC
520 1553 694 1623 PAULO
726 1556 984 1626 AUCTIOR.

135 1930 193 2034 Ll
202 1979 236 2035 B.
248 1964 278 2033 l.
297 1961 467 2062 Principio
483 1959 588 2034 Chaos
598 1962 635 2034 in
645 1962 792 2036 elerueutu
805 1979 950 2063 quatuor
963 1992 983 2037 a
994 1963 1067 2037 Deo
1079 1961 1199 2037 distin-

134 2087 265 2180 guitum
285 2085 407 2186 quihus
425 2114 530 2186 quum
545 2087 598 2160 sui
617 2087 774 2161 darentur
788 2084 915 2175 incola,
937 2088 1034 2162 etiam
1052 2087 1143 2162 horno
1158 2115 1199 2162 ex

133 2223 486 2311 unaetaquosreatus
499 2226 559 2282 est.
575 2208 703 2284 secum
714 2228 793 2285 sunt
805 2226 910 2284 atutes
923 2211 1098 2285 hominum
1115 2240 1197 2311 qua·
1240 2288 1243 2294 ,

134 2348 223 2420 tuor,
242 2331 280 2404 in
293 2359 435 2432 quarum
445 2349 633 2432 postrema,
647 2359 751 2432 eaque
769 2333 999 2421 vitiosissima,
1019 2362 1122 2433 quum
1140 2333 1200 2407 Gi-

129 2470 252 2551 gmtes,
268 2482 312 2528 ne
325 2454 424 2528 terris
440 2455 588 2527 securior
602 2472 689 2528 esset
706 2455 827 2542 aether,
845 2454 971 2528 caeleste
989 2482 1129 2549 regnum
1141 2482 1200 2554 pe-

135 2593 261 2663 terent,
281 2604 320 2649 ex
337 2605 474 2663 eorum,
495 2605 514 2648 a
529 2578 551 2649 J
554 2605 613 2650 ove
632 2577 931 2676 interempturum,
964 2577 1107 2674 sanguise
1124 2603 1202 2649 unua

133 2697 287 2772 mmmm
296 2725 435 2799 propago
449 2716 521 2772 orta
539 2717 599 2773 est.
618 2698 689 2796 Qui
708 2727 810 2800 quum
827 2716 860 2772 et
874 2699 941 2799 ipsi
957 2715 1067 2772 essent
1080 2698 1197 2801 impii,

131 2823 262 2923 Jupiter
283 2850 355 2894 nun
374 2820 477 2895 modo
500 2820 674 2928 [peponem
691 2823 727 2895 in
744 2822 849 2920 Ιυριιιη
868 2838 997 2907 mutat,
1015 2820 1073 2895 sed
1099 2849 1197 2895 omne

132 2973 231 3038 genus
248 2944 428 3018 hominum
445 2943 702 3045 animaliumque
720 2944 924 3019 terrestrium
937 2943 1049 3016 diluuio
1062 2942 1195 3043 perdit,

130 3068 213 3142 unde
224 3065 293 3142 soli
304 3066 540 3168 relinquuntur
549 3067 744 3167 superstites
758 3066 933 3141 Deucalion
946 3064 1123 3172 ethrrhu,
1138 3066 1197 3166 qui

130 3209 204 3290 post
215 3189 384 3265 redditam
397 3207 535 3278 terram,
551 3189 647 3289 jactis
659 3206 739 3289 post
754 3206 846 3284 terga
856 3187 1019 3288 lapidibus,
1029 3187 1194 3261 humanum

130 3329 325 3415 repararunt
334 3340 440 3412 genus.
468 3311 611 3413 Reliqua
630 3312 776 3384 mimalia
797 3328 918 3412 sponte
933 3338 993 3384 sua
1009 3338 1049 3384 ex
1071 3309 1195 3385 humore

131 3437 271 3510 creatore
282 3435 481 3536 prodierunt
493 3465 501 3507 :
512 3435 548 3507 in
562 3434 685 3534 quibus
699 3435 798 3509 etiam
810 3432 916 3540 lytlan
926 3459 1071 3534 serpens.
1084 3435 1195 3530 Quem

133 3585 232 3656 quum
244 3556 389 3632 Plroebus
404 3558 639 3666 interemisset,
654 3555 784 3662 Pythias
795 3555 930 3630 luduin
943 3556 990 3628 rei
1002 3556 1196 3629 memoriam

131 3679 286 3769 instituit,
296 3681 422 3781 quibus
434 3682 575 3755 victores
584 3679 720 3754 asetdea
733 3707 858 3753 corona
869 3677 1095 3765 donabantnr3
1109 3706 1196 3750 non-

133 3803 206 3879 dum
228 3806 319 3879 enim
346 3824 415 3879 erat
439 3806 564 3891 Inuus,
594 3805 630 3878 in
655 3833 754 3905 quam
778 3833 856 3877 mur
882 3803 1041 3905 Daphne,
1075 3801 1196 3876 Phoebi

134 3955 272 4002 amumm
300 3928 453 4023 fugiens,
478 3946 530 4002 est
558 3954 723 4002 conversa.
756 3925 862 4023 Quod
878 3955 981 4026 quum
1003 3923 1196 4010 accidisset,

137 4064 203 4122 turn
217 4051 261 4123 ad
278 4069 405 4151 patrem
429 4051 500 4149 ejus
524 4052 670 4124 Peneum
696 4048 835 4149 reliquis
850 4046 975 4134 fluviis,
995 4047 1063 4120 sive
1080 4062 1198 4141 gratu-

139 4169 238 4262 landi,
257 4176 322 4251 sive
341 4174 538 4249 consolandi
555 4174 680 4270 gratia,
712 4173 937 4271 cougregatis,
957 4171 1050 4246 sulus
1066 4168 1197 4244 deside-

142 4314 220 4372 ratus
238 4318 290 4373 est
305 4301 468 4386 Inachus,
493 4299 657 4373 sollicitus
675 4298 715 4373 de
737 4300 818 4373 Ioue
838 4299 922 4387 filia,
943 4325 1041 4398 quam
1063 4294 1197 4391 Jupiter

146 4438 208 4512 pust
223 4441 379 4524 stuprum
392 4424 597 4525 injuseucuur
618 4441 809 4503 mutaverat.
829 4424 878 4494 Ea
897 4448 1000 4520 quum
1020 4448 1039 4491 a
1060 4418 1197 4488 Junone

223 4557 303 4624 ιη.
1032 4550 1051 4614 3
