2662 5092
171 765 194 811 X

172 890 355 965 vincentem
371 905 591 985 agnoverant,
611 888 810 990 quicumque
826 889 943 964 Latine
964 891 1083 963 sciunt.
1107 891 1173 964 Sed
1195 921 1234 966 ex

172 1020 227 1094 bis
245 1048 316 1121 quae
332 1019 490 1121 premisit
503 1017 754 1100 Commentariis
772 1018 807 1091 in
822 1018 1005 1093 Heroidum
1019 1017 1187 1121 Epistulas
1203 1039 1236 1095 et

173 1151 345 1225 Amatoria
357 1151 516 1240 Nasonis,
531 1149 610 1223 satis
626 1178 790 1252 superque
803 1149 866 1223 tibi
884 1149 1048 1238 innotuit,
1063 1153 1233 1226 Luaron

173 1303 510 1372 caunlnrsstrffl,
540 1301 701 1385 quantum
727 1283 776 1356 iiii
804 1312 888 1358 onus
916 1284 1146 1376 incumberet,
1176 1286 1234 1386 qui

174 1431 265 1489 totos
279 1415 436 1489 Ovirliani
453 1415 596 1515 aequoris
617 1432 741 1488 tractus
757 1413 899 1510 relegere
920 1414 984 1489 sibi
1001 1418 1234 1517 proposuerit;

174 1548 232 1648 qui
248 1565 379 1649 poetam
393 1547 540 1620 omnium
556 1575 642 1647 quos
657 1547 808 1634 noveris,
826 1575 935 1620 rerum
952 1547 1102 1623 ubertate
1118 1536 1236 1651 eopio-

173 1678 356 1765 sissimum,
375 1678 530 1751 varietate
543 1694 813 1772 argumentorum
826 1694 859 1750 et
871 1677 944 1777 ipsa
957 1679 1117 1753 tractandi
1128 1678 1235 1754 felici-

174 1827 239 1884 tate
252 1810 336 1883 nulli
351 1810 548 1898 secundum,
565 1812 692 1884 cunctis
707 1809 772 1884 iere
784 1810 944 1910 priorem,
960 1812 1235 1887 commentatione

155 1975 258 2036 nova
275 1946 505 2021 illustrandum
524 1949 714 2049 susceperit.
733 1950 773 2021 ln
792 1947 850 2022 illo
869 1949 1013 2050 quippe,
1033 1950 1091 2050 qui
1108 1966 1235 2024 tanturn

173 2100 261 2173 opus
279 2071 321 2144 ad
341 2071 465 2144 exitum
486 2071 630 2146 voluerit
652 2073 852 2173 perducere,
877 2073 1008 2168 vigeant
1029 2102 1162 2150 necesse
1186 2093 1236 2149 est

171 2222 205 2279 et
219 2205 430 2306 conspirent,
448 2232 518 2277 non
527 2200 635 2279 modo
654 2206 816 2306 quidquid
836 2205 1006 2282 literarum
1024 2209 1235 2310 antiquarum

171 2368 253 2415 usus
266 2339 435 2413 familiaria
449 2356 482 2412 et
496 2339 590 2438 quasi
606 2339 837 2440 quotidianus,
855 2340 988 2415 ruboris
1003 2360 1037 2416 et
1050 2342 1235 2416 ornamenti

172 2473 213 2546 ad
230 2473 446 2548 excolendum
466 2473 635 2579 ingenium
657 2472 806 2547 conferre
824 2475 993 2574 potuerit3
1018 2474 1180 2576 quidquid
1194 2502 1235 2548 ex

173 2606 304 2681 assidua
319 2607 354 2680 in
372 2607 495 2681 vicinas
512 2608 663 2701 regiones
680 2607 945 2708 peregrinatione
965 2607 1180 2708 importatum
1199 2608 1235 2680 in

171 2740 220 2813 rei
245 2757 368 2813 nostrae
389 2738 565 2813 utilitatem
584 2739 787 2828 effloruerit3
813 2738 870 2812 sed
894 2756 928 2812 et
950 2739 1080 2813 accedat
1100 2768 1236 2840 quoque

171 2891 324 2976 oportet,
347 2873 497 2974 corporis
514 2871 688 2959 valetudo,
712 2899 784 2971 quae
800 2872 836 2944 in
852 2898 951 2972 opere
969 2888 1035 2946 tam
1053 2870 1156 2967 longo
1181 2873 1235 2945 iu-

172 3005 261 3102 genii
276 3006 361 3078 vires
374 3021 576 3104 torpescere,
591 3002 643 3076 vei
654 3002 830 3077 hebescere
845 3030 981 3077 acumen
997 3005 1066 3076 non
1079 3003 1233 3104 patiatur.

170 3140 256 3234 Quae
276 3136 304 3210 si
322 3136 391 3210 fato
410 3134 554 3235 quodam
571 3162 665 3224 meo,
687 3135 722 3207 in
738 3162 808 3209 uno
826 3134 1009 3235 eodemque
1024 3135 1098 3208 viro
1115 3162 1234 3209 conve·

170 3272 321 3358 nissent,
348 3270 438 3344 bunc
466 3298 527 3365 ego
554 3285 785 3370 portentosum
809 3268 989 3370 quiddam,
1014 3292 1115 3342 rarum
1132 3269 1229 3354 acin,

170 3402 311 3504 nt‘gmpue
334 3400 438 3508 Cycno
457 3402 642 3475 simillimam
661 3403 805 3499 (Juven.
823 3418 883 3477 sat.
900 3404 973 3490 vl,
995 3400 1108 3495 165),
1128 3401 1235 3475 dicere

168 3558 236 3608 nun
255 3532 483 3607 dubitaverim.

218 3663 466 3738 Providendum
483 3691 563 3759 ergo
582 3663 664 3737 mihi
685 3662 768 3751 soit,
791 3678 850 3752 ut,
877 3681 1024 3738 cessante
1043 3664 1085 3737 ad
1103 3681 1233 3765 tempus

168 3793 294 3891 collega
310 3812 343 3868 et
355 3795 479 3882 amico,
497 3821 595 3894 quem
609 3811 716 3885 totum
728 3794 812 3868 mibi
825 3795 972 3895 meisque
986 3794 1139 3869 devotum
1151 3795 1233 3894 jam-

167 3926 295 4026 pridem
312 3927 478 4028 experior,
493 3912 697 4028 memorique
714 3927 864 4023 gratulor
877 3931 1004 4015 animo,
1025 3927 1107 4002 alius
1121 3954 1235 4002 sucee-

169 4059 284 4150 deret,
312 4061 370 4160 qui
386 4089 453 4133 non
470 4061 575 4161 impar
589 4059 699 4133 labori
715 4060 868 4149 ferendo,
886 4059 1110 4134 conclamandi
1126 4058 1234 4133 locum

168 4210 356 4295 suppeteret
370 4192 564 4282 lectoribus3
577 4192 810 4278 Pninoavulso,
824 4222 883 4267 non
892 4193 993 4295 deficit
1002 4194 1082 4266 alter
1089 4195 1235 4268 Aureus!

168 4327 260 4423 Virg.
278 4329 352 4401 AEn.
369 4330 436 4415 VI,
458 4326 533 4420 143.
549 4330 618 4400 Nec
634 4327 791 4427 quaerenti
806 4326 862 4400 diu
876 4326 957 4400 mibi
974 4324 1117 4399 occurrit
1128 4324 1235 4396 srinr'lt’s

170 4489 308 4562 prorsus
324 4462 442 4535 melnlb'
455 4462 523 4552 vir,
544 4459 594 4534 Cl.
614 4460 928 4535 GotthebErdmann
950 4459 1130 4544 GIERIG,
1147 4458 1232 4529 Tre-
