2662 5092
210 787 233 871 4
594 784 873 855 rnnramo

207 925 287 1000 libri
302 923 459 1027 mythici,
478 940 529 1000 tot
544 924 642 997 etiam
655 924 776 999 artitma
793 939 1029 1013 monumenta,
1056 954 1128 1028 quae
1141 929 1264 1029 passim

207 1058 249 1132 ab
266 1087 306 1132 eo
323 1084 476 1158 expressa
493 1055 661 1143 videntur,
679 1055 857 1156 perierint,
875 1073 964 1130 certo
981 1054 1088 1131 dicere
1099 1086 1168 1131 non
1182 1087 1264 1159 pos-

205 1217 329 1263 sumus.
358 1191 473 1289 ltaque
488 1215 548 1261 nec
565 1203 711 1274 constat,
728 1203 840 1261 utrum
857 1188 928 1288 ipsc
944 1187 1070 1288 aliquid
1087 1189 1121 1262 in
1138 1189 1262 1265 sabulis

201 1323 370 1396 novaverit
379 1320 617 1420 addideritque,
625 1348 668 1394 an
681 1319 871 1394 Graecorum
880 1338 1008 1395 tantum
1020 1321 1156 1417 vestigia
1167 1351 1261 1423 pres·

200 1454 289 1527 serit.
304 1452 497 1551 Conjiciunt
506 1450 680 1539 nonnulli,
698 1450 843 1525 fabulam
856 1451 896 1526 de
908 1453 1047 1554 Pyramo
1065 1471 1099 1528 et
1112 1455 1256 1545 Thisbe,

199 1603 270 1659 tum
298 1583 431 1659 alteram
457 1583 498 1657 de
523 1582 717 1658 Philemone
740 1602 773 1658 et
789 1584 949 1672 Baucide,
969 1604 1141 1689 utramque
1157 1589 1258 1687 longe

198 1716 442 1801 suavissimam,
458 1730 557 1813 atque
574 1713 673 1788 ctiam
690 1713 731 1787 dc
748 1713 897 1789 Sidoniis
914 1716 995 1790 Inus
1009 1718 1188 1794 comitibus
1198 1750 1258 1822 ap-

146 1848 149 1855 ’
195 1845 404 1949 pendiculam
423 1845 464 1920 ab
484 1847 559 1946 ipso
575 1873 644 1919 esse
660 1843 785 1932 fictum
800 1844 859 1920 sed
871 1843 962 1919 nulla
975 1847 1046 1946 ejus
1063 1850 1257 1948 conjecturae

195 2008 292 2055 causa
306 1978 400 2054 reddi
416 1994 528 2078 potest
544 1975 740 2077 probabilis.
765 1977 840 2050 lloc
857 1994 967 2049 autem
983 1976 1152 2068 videmus,
1170 1980 1254 2055 nihil

193 2115 229 2188 in
245 2115 310 2187 hoc
329 2139 446 2208 genere
459 2107 674 2184 memorabile
690 2107 732 2181 ab
749 2135 788 2181 eo
807 2136 876 2181 esse
890 2109 1161 2208 praetermissum,
1174 2114 1254 2187 etin

192 2265 283 2322 tanta
300 2247 469 2332 varietate,
487 2271 552 2344 qua
568 2241 675 2343 mythi
691 2259 783 2315 erant
799 2239 929 2330 traditi,
948 2242 1108 2318 rationem
1126 2245 1253 2348 ubique

191 2377 258 2454 fere
274 2405 344 2453 eam
360 2404 431 2450 esse
447 2373 619 2462 delectam,
638 2400 711 2474 qnae
728 2371 777 2447 vel
791 2370 972 2474 plurimum
988 2392 1124 2452 omatus
1138 2377 1254 2453 admit·

191 2527 289 2599 teret,
310 2526 350 2582 ut
370 2508 515 2608 impetus
530 2504 667 2579 Althaeae
682 2504 719 2577 in
735 2502 860 2593 lilium,
878 2505 930 2579 vel
946 2505 1064 2580 decoro
1082 2536 1251 2585 commcn-

190 2640 340 2728 daretur,
358 2667 426 2739 qno
443 2636 588 2738 pertinet
603 2635 743 2710 mutatio
759 2636 853 2736 pueri
868 2637 903 2708 in
915 2636 1125 2746 stellionem,
1148 2658 1247 2743 atque

187 2772 326 2876 Cephali
343 2790 377 2847 et
393 2769 561 2845 Procridis
578 2768 661 2855 iata,
674 2767 799 2867 quibus
816 2769 926 2869 turpia
939 2769 1101 2845 nonnulla
1117 2773 1159 2846 ab
1174 2773 1247 2849 aliis

186 2922 280 2981 eraut
294 2901 447 2979 admixta.
467 2900 577 2997 Quam
595 2926 658 2994 ego
670 2892 802 2973 laudem
814 2927 885 2972 non
902 2901 1177 2980 contemnendam
1195 2935 1247 2981 an

185 3039 303 3115 bitror.

232 3176 320 3249 Tum
334 3189 436 3246 artem
451 3169 605 3244 admirari
621 3168 715 3260 licet,
734 3202 799 3274 qna
818 3171 1010 3248 fecundum
1025 3192 1132 3275 poete
1147 3176 1245 3270 inge-

182 3305 275 3378 nium
293 3320 346 3377 tot
359 3299 489 3376 fabulas
506 3300 543 3373 in
556 3302 656 3374 unius
673 3304 823 3405 corporis
841 3306 983 3406 speciem
999 3305 1191 3406 conjunxit,
1205 3325 1244 3380 ut

181 3463 256 3510 vere
273 3448 453 3535 perpetuum
469 3459 598 3507 carmen
616 3435 724 3508 vocari
746 3453 869 3535 posset.
888 3437 920 3509 Α
937 3436 1101 3511 creatione
1124 3437 1242 3512 mundi

180 3594 316 3643 exorsus
328 3565 486 3640 lectorem
502 3565 644 3654 sensim,
663 3583 785 3641 etcum
803 3567 944 3641 maxima
961 3569 1034 3667 ejus
1049 3567 1239 3669 voluptate,

180 3699 314 3775 deducit
336 3724 399 3800 per
414 3696 562 3771 omnium
588 3695 773 3771 seculorum
797 3696 913 3771 seriem
932 3697 974 3770 ad
990 3726 1050 3773 sua
1068 3716 1239 3800 tempora,

86 3906 90 3915 ,
177 3852 304 3908 servata
319 3851 500 3932 utcumque
518 3831 678 3931 temporis
701 3830 840 3905 ratione.
870 3830 966 3906 Mille
990 3834 1094 3929 igitur
1120 3834 1239 3911 modos

176 3964 321 4054 invenit,
338 3965 463 4066 quihus
479 3963 521 4037 ab
535 3961 598 4037 alia
614 3960 727 4037 fabola
744 3963 900 4037 transiret
912 3963 955 4038 ad
971 3964 1077 4039 aliam.
1106 3968 1186 4042 Haec
1203 3996 1238 4042 se

174 4096 293 4185 offert,
313 4097 390 4198 quia
415 4093 599 4170 similitudo
622 4093 652 4166 ei
678 4093 826 4192 quaedam
848 4124 922 4169 curn
948 4098 1116 4196 superiore
1136 4099 1238 4172 inter-

174 4227 278 4316 cedit3
295 4227 369 4313 illa,
388 4226 466 4328 quia
480 4226 522 4299 ad
543 4223 694 4298 eumdem
719 4223 884 4299 hominem
904 4227 1052 4300 Deumve
1077 4230 1236 4328 pertinet,

171 4379 230 4435 aut
244 4361 386 4461 quiores
402 4359 436 4430 in
450 4357 561 4432 eadem
575 4374 659 4429 terra
672 4374 762 4450 gesta
774 4374 833 4430 est.
849 4358 931 4430 Mox
943 4357 1056 4457 hymni
1071 4377 1237 4432 canuntur

167 4490 480 4591 metamorphoseon
505 4486 611 4588 pleni,
630 4515 707 4562 mox
723 4485 877 4562 mulieres
898 4503 1016 4563 texunt
1039 4507 1233 4585 argumenta
