2662 5092
350 33 1242 357 n

524 703 788 772 PRAEFATIO
844 722 847 727 “
945 732 948 737 ’

210 841 309 903 Edidit
324 840 467 920 hinnitus,
482 854 513 903 et
528 841 640 904 bracbia
653 843 744 906 movit
756 843 787 904 iu
801 841 910 904 herbar.

210 949 287 1009 Tum
303 946 385 1030 digiti
399 960 520 1024 coeunt,
535 961 564 1008 et
578 946 684 1029 quinos
698 947 802 1032 adligat
816 967 928 1030 ungues

209 1055 354 1136 Perpetuo
371 1075 462 1116 cornu
475 1052 546 1115 levia
560 1052 685 1136 ungula:
699 1053 800 1114 crescit
811 1065 841 1114 et
855 1053 914 1114 oria

209 1162 250 1222 Et
263 1159 330 1222 colli
345 1159 465 1242 spatium
484 1181 492 1219 a
506 1158 600 1245 lougae
614 1181 677 1240 pars
690 1158 789 1219 ultima
803 1158 885 1239 pallae

209 1264 306 1326 Cruda
319 1264 352 1324 fit
365 1275 474 1343 :utque
487 1264 551 1347 vagi
567 1261 659 1323 crinea
672 1283 725 1344 per
738 1261 810 1323 eolla
822 1259 968 1343 jacebant,

210 1371 248 1432 ln
263 1370 370 1431 dextrae
383 1367 477 1430 abiere
490 1368 580 1450 jubas.

133 1527 333 1624 Quanquam
347 1523 402 1597 hic
415 1523 551 1620 ingenio
569 1523 695 1598 abusus
711 1540 761 1597 est
778 1536 892 1622 poeta,
907 1535 1085 1594 extrenum
1101 1516 1198 1622 pallae

129 1658 309 1760 partemin
331 1657 468 1733 caudam
483 1658 729 1733 transformans.
761 1653 919 1756 Daphnes
945 1653 1014 1728 lato
1035 1651 1198 1744 instante,

131 1793 169 1879 1,
195 1792 264 1886 548
278 1849 287 1881 ‚

379 1932 429 1950 ...
454 1892 574 1974 Torpor
585 1892 677 1977 grauis
691 1890 795 1975 adligat
808 1901 903 1966 artua,

214 1997 313 2058 Mollia
326 1997 482 2082 cinguntur
492 1998 573 2060 tenui
588 1997 743 2080 praecordia
759 1997 843 2058 libro.

212 2104 248 2162 ln
260 2099 390 2162 trondem
403 2102 513 2177 crines,
527 2103 558 2161 iu
573 2122 667 2162 ramos
681 2100 792 2162 brachia
808 2111 950 2161 crescunt.

215 2207 289 2281 Pes,
302 2205 390 2268 modo
405 2218 461 2266 tam
473 2206 571 2282 velox,
584 2207 673 2290 pigris
685 2206 824 2267 radicibus
837 2205 949 2278 haerete

217 2312 278 2373 0ra
292 2334 424 2373 cacumen
436 2313 512 2387 obit;
526 2326 652 2375 remanet
667 2314 745 2376 nitor
758 2336 833 2376 uuus
847 2314 878 2374 in
891 2314 949 2375 illa.

138 2468 222 2543 Saxa
238 2496 343 2544 unum
360 2468 489 2543 vultum
507 2469 648 2556 babent,
666 2497 728 2542 nec
744 2486 854 2569 partes
871 2468 1108 2543 discriminatos
1120 2452 1202 2557 ,ni-

137 2600 209 2675 hilo
228 2620 335 2677 tamen
349 2603 460 2677 miuus
478 2604 568 2678 inea
585 2632 719 2705 qnoque
737 2604 910 2678 transitum
921 2603 1067 2703 jucunde
1079 2602 1203 2678 descri-

139 2734 209 2825 bit,
224 2738 274 2825 lI,
293 2737 383 2828 820,
401 2738 463 2813 ubi
481 2736 629 2835 Aglauro
1172 2738 1183 2749 ’

218 2919 339 3005 Surgere
353 2922 468 2982 conanti
482 2933 591 3003 partes,
607 2943 792 3002 quascunque
809 2921 935 2982 ardendo

220 3026 390 3103 flectimus,
406 3029 504 3112 ignava
517 3039 665 3107 nequeunt
678 3028 812 3112 gravitate
826 3029 945 3089 moveri.

218 3132 269 3193 llla
283 3133 399 3213 quidem
412 3144 493 3194 recto
507 3145 614 3217 pugnat
628 3155 657 3196 ee
671 3133 801 3196 attollere
818 3145 922 3195 trunco
938 3155 946 3193 ε

223 3238 279 3300 Sed
294 3259 420 3321 genuum
435 3240 567 3320 junctura
584 3239 675 3324 riget,
688 3239 835 3324 frigusque
849 3261 901 3322 per
913 3251 990 3300 artua

222 3345 359 3420 Labitur,
373 3356 403 3405 et
414 3343 520 3426 pallent
535 3345 638 3407 amisso
656 3347 792 3428 sanguine
806 3367 896 3407 venae.

227 3491 256 3508 ..
268 3490 276 3507 .
288 3489 296 3506 ·
317 3449 421 3511 laetalis
431 3449 520 3511 biems
531 3449 663 3533 paulatim
674 3449 705 3510 iu
715 3463 832 3533 pectora
841 3451 936 3525 veuit,

223 3555 386 3636 vitalesque
399 3556 458 3618 vias
471 3569 500 3618 et
511 3556 691 3640 respiramina
704 3557 812 3627 deurit.

225 3661 288 3721 Nec
303 3672 404 3721 conata
417 3659 499 3742 loqui
515 3672 572 3734 eat;
589 3681 660 3736 nec,
673 3661 697 3720 ai
713 3671 813 3721 conata
825 3658 943 3735 luisset,

225 3766 314 3828 Vocis
330 3765 447 3827 baberet
460 3765 532 3837 iter;
552 3787 649 3827 saxum
662 3767 718 3848 jam
731 3764 803 3826 colla
819 3765 955 3842 tenebat,

227 3875 344 3958 Oraque
356 3873 531 3937 duruerant:
550 3874 721 3959 signumque
736 3894 875 3957 exsangue
889 3871 1013 3936 sedebat.

146 4027 369 4131 Nequesemel
377 4027 605 4102 tantumillum
615 4028 790 4103 transitum
799 4045 978 4129 perpartes
988 4026 1142 4103 elocutus
1150 4045 1210 4117 est,

150 4164 209 4240 sed
216 4194 292 4240 cum
299 4165 453 4240 varietate
464 4163 593 4264 saepius.
608 4163 742 4239 Etenim
753 4162 860 4251 etiam,
874 4165 931 4251 VI,
947 4162 1028 4253 303,
1040 4164 1075 4237 in
1089 4163 1210 4241 Niobe:

478 4382 506 4399 ..
520 4384 527 4398 .
549 4341 653 4401 Nullos
667 4355 764 4405 movet
776 4364 842 4405 aura
852 4342 980 4426 capillos.

230 4452 265 4510 lu
279 4448 361 4511 vultu
374 4446 456 4508 color
470 4458 514 4509 est
529 4446 589 4508 sine
604 4447 738 4532 sauguine
756 4472 763 4509 :
780 4448 886 4510 lumina
900 4447 1008 4511 moestis
