2662 5092
64 792 69 837 ι
170 760 235 829 538
443 761 483 828 P.
517 761 697 831 OVIDII
730 761 960 834 NASONIS

167 898 295 984 Pestis;
314 915 347 972 et
364 896 464 972 exitio
482 899 579 975 multi
595 928 818 1003 pecorumque
832 930 964 1003 suoque

167 1014 345 1110 llurigeuae
361 1043 479 1115 pavere
493 1015 596 1092 leram
611 1047 619 1090 :
634 1017 742 1091 vicina
755 1017 911 1116 juventus

172 1131 354 1217 Venimus;
372 1149 405 1205 et
421 1130 507 1205 latos
524 1131 680 1229 indagine
697 1134 860 1207 cinximus
875 1162 985 1230 agros.

169 1245 232 1321 Illa
248 1246 311 1320 levi
329 1244 425 1319 velox
440 1248 618 1347 superabat
634 1249 716 1322 retia
731 1247 840 1338 saltu;

172 1364 374 1464 Summaque
393 1362 557 1437 transibat
571 1364 757 1464 positarum
773 1363 841 1439 lina
856 1361 1047 1464 plagarum.

171 1477 303 1582 Copula
316 1477 499 1552 detrahitur
514 1479 673 1568 canibus,
693 1508 775 1580 quas
792 1479 848 1554 illa
865 1497 1049 1580 sequentes

170 1595 323 1695 Effugit,
340 1612 374 1670 et
389 1593 515 1669 volucri
531 1624 601 1669 uon
619 1597 753 1689 segnius
768 1595 844 1671 alite
861 1593 961 1669 ludit.
1196 1636 1239 1689 77⁰

172 1713 299 1786 Poscor
315 1728 349 1786 et
364 1711 436 1811 ipse
451 1730 560 1784 meum
576 1739 739 1786 consensu
755 1711 886 1815 Laelapa
903 1741 1048 1808 magno,

171 1829 322 1902 Muneris
339 1829 405 1901 hoe
422 1855 544 1902 nomeu
560 1858 568 1900 :
586 1828 779 1927 jamdudum
798 1826 929 1902 vincula
947 1846 1081 1929 pugnat

170 1947 298 2018 Exuere
314 1942 385 2045 ipse
404 1943 489 2030 sibi,
508 1940 661 2044 colloque
679 1942 842 2015 morantia
858 1941 975 2015 tendit

177 2059 244 2134 Vix
260 2061 345 2134 hene
361 2059 483 2133 missus
500 2076 588 2147 erat,
606 2085 667 2132 nec
680 2057 746 2156 jam
762 2073 974 2157 poteramus,
993 2056 1059 2130 uhi
1074 2073 1183 2144 esset,

203 2249 356 2319 ἠθικῆς,
366 2248 451 2301 hellus
460 2259 557 2301 terram
566 2257 678 2315 vastans,
729 2246 860 2317 Cephalus
872 2246 949 2300 vellet
957 2256 985 2300 et
995 2258 1123 2301 naturam
1132 2252 1235 2302 monstri

171 2338 201 2381 ut
211 2333 293 2395 pestis
304 2330 416 2388 Nessea,
436 2325 548 2379 Heroid.
559 2327 619 2391 IX,
638 2326 679 2379 hs.
727 2325 834 2378 immissi
847 2334 874 2376 et
888 2323 1055 2377 celeritatem
1073 2325 1146 2377 cauis
1160 2325 1196 2378 sui
1211 2326 1235 2376 in

171 2407 320 2476 Descriptio
331 2426 442 2476 sequens
459 2405 551 2475 lupum
563 2404 678 2459 indicare
727 2402 784 2455 luoe
796 2401 930 2455 collocare.
943 2400 979 2454 Et
991 2400 1022 2453 in
1034 2402 1131 2467 rebus,
1151 2402 1234 2471 quihus

171 2485 290 2547 videtum
305 2484 350 2538 sed
363 2505 393 2538 es
405 2485 542 2538 Antonino
553 2495 579 2537 et
592 2485 680 2554 Apol·
729 2479 815 2533 devoti
827 2497 931 2544 sumus,
945 2478 1106 2532 enarrandis
1121 2491 1176 2533 um
1190 2499 1234 2533 co-

170 2561 264 2616 lodoro
275 2563 381 2632 vulpem
395 2562 472 2615 fuisse
484 2562 585 2615 scimus.
603 2561 681 2615 Dicta
728 2560 793 2629 piosi
803 2578 857 2613 esse
869 2559 993 2612 solemus.
1002 2587 1039 2599 ·-
1048 2560 1160 2626 Copula,
1171 2561 1235 2612 lami-

172 2652 212 2694 est
224 2640 365 2694 Teumesia
386 2660 401 2693 a
419 2640 570 2705 Teumeso,
588 2649 680 2692 moute
728 2636 1021 2706 eulus‚quoducuntur
1029 2658 1108 2692 canes
1116 2640 1233 2701 venatici,

172 2717 289 2772 Boeotia.
314 2718 353 2771 Ea
374 2717 575 2790 Amphitryonis
594 2718 607 2788 (
625 2735 680 2770 noo
728 2715 880 2780 vinculum,
896 2733 950 2783 quo
959 2714 1235 2784 ligantur-Detra-

174 2797 340 2868 OEdipodis)
362 2809 480 2868 tempore
499 2798 608 2851 molesta
625 2808 681 2851 erat
728 2791 1230 2861 delam·primusPalatinus‚ds'straditar,

174 2875 315 2931 Thebanis.
334 2875 384 2941 Ei,
403 2895 438 2929 ue
456 2876 542 2945 plures
561 2884 680 2944 raperet,
730 2871 889 2939 utcopulam
905 2880 1016 2939 ruptam
1033 2870 1136 2940 impetu
1148 2888 1233 2923 tanum

174 2954 295 3008 Thebani
316 2973 400 3006 unum
422 2954 529 3024 siugulis
550 2953 682 3007 meusihus
729 2947 1232 3019 signifioet-Regiinostr-idenditas.

174 3049 287 3100 puerum
306 3029 488 3083 devorandum
509 3030 682 3100 apponehaut.
730 3031 1037 3096 etmos‚proqeas1'lla,
1049 3047 1113 3097 qaas
1120 3028 1235 3080 rtta.-Et

175 3102 341 3173 Antoninus,
351 3108 551 3178 Appollodorus.
562 3109 634 3161 Hinc
646 3127 683 3162 ar·
730 3108 1003 3171 wlacrisosseffsim
1019 3105 1116 3176 vulgo,
1125 3113 1149 3157 et
1156 3111 1235 3156 cetae

174 3185 283 3240 cessitur
296 3185 428 3254 Cephalus
437 3204 498 3238 cum
510 3205 573 3239 caue
586 3203 641 3238 suo.
649 3212 683 3226 —
730 3189 887 3251 sosseffur'or.
895 3181 949 3235 Sed
957 3185 1093 3237 uelacn'in
1100 3203 1155 3236 uno
1163 3183 1235 3235 Heiu-

176 3265 311 3333 Bsnkenae
318 3282 417 3316 uorum
429 3264 592 3316 vocabulum.
599 3267 684 3316 -Vs‘-
729 3261 776 3329 sii,
793 3261 878 3330 primo
889 3258 1085 3325 Gronoviano,
1104 3270 1133 3314 et
1142 3262 1170 3312 in
1180 3258 1236 3312 Sisii

176 3343 369 3408 ethelmerus.
379 3340 449 3394 Vide
462 3341 495 3395 ad
508 3341 575 3394 Vlll
586 3380 594 3407 ,
607 3342 665 3394 300.
731 3358 780 3411 pro
788 3338 887 3392 diversa
899 3337 1012 3391 lectione
1023 3358 1029 3391 :
1042 3340 1170 3392 Heinsius
1178 3337 1237 3389 mal-

210 3418 353 3488 767.Le01's
366 3424 459 3480 saltus,
479 3429 509 3471 ut
519 3418 644 3473 Phaedrus
655 3420 683 3486 l,
731 3419 783 3484 let,
801 3424 891 3471 cetam
905 3435 955 3468 non
971 3423 1071 3476 secius.
1093 3418 1156 3486 quia
1166 3415 1237 3468 iidem

175 3493 577 3561 tabutam‚s‚cursus1m·s.
598 3496 683 3562 celer,
731 3499 768 3551 illi
783 3501 890 3565 segnius.
904 3524 937 3536 -
957 3498 1035 3566 Regii
1049 3498 1137 3550 nostri
1149 3497 1238 3550 hahent

175 3572 249 3642 quasi
258 3592 353 3642 corpus
362 3575 418 3627 leve
427 3575 643 3644 essetllygiuus,
654 3575 683 3628 P.
731 3575 877 3643 vulgatam,
889 3574 985 3628 scilieet
996 3581 1025 3627 et
1037 3582 1132 3628 calna
1145 3594 1192 3627 aas
1206 3592 1237 3624 se

135 3711 138 3717 ,
176 3651 209 3707 Α.
221 3651 269 3718 35,
283 3656 383 3720 sulp-es,
396 3658 441 3706 ιω·
446 3657 535 3705 dalem
544 3656 679 3713 ds'cebalur,
729 3657 804 3721 μίαν
811 3657 873 3705 aute
881 3654 948 3704 ladit
959 3671 966 3704 ι
976 3650 1057 3704 lectio
1067 3651 1239 3706 alter-areten-

174 3736 204 3784 εἰ
220 3749 306 3784 omnes
324 3750 402 3783 canes
420 3731 531 3799 effugere
546 3737 641 3798 posset.
652 3759 685 3770 -
732 3732 803 3798 tior,
819 3742 845 3785 et
860 3741 951 3784 nostro
969 3730 1070 3798 judicio
1090 3743 1132 3785 sat
1149 3731 1240 3784 inutilis

175 3806 274 3860 Versus
286 3807 433 3874 Summaque
444 3819 493 3861 etc.
504 3808 685 3861 redundantes
731 3809 890 3863 emendatio.
903 3809 1137 3878 Ed-Ladr'tpro
1148 3813 1237 3866 eladis.

175 3882 292 3950 adiectus
309 3885 479 3954 superiori—
492 3885 522 3937 lu
541 3884 592 3939 hoc
608 3905 685 3939 versu
732 3885 958 3956 quodv111,687
974 3886 1171 3945 :sindelsdem
1184 3886 1241 3937 lla·

175 3960 330 4015 Basileensis
338 3961 429 4015 Codex
437 3961 617 4030 deuictarum,
629 3983 684 4017 oon
731 3965 804 4020 lieut.
816 3971 847 4020 25
859 3987 865 4029 ς
878 3968 1020 4034 lsdpfcars’.
1032 3965 1114 4019 Silius
1128 3958 1241 4026 totiens,

174 4038 340 4107 improbante
349 4041 522 4109 Burmauno,
533 4044 594 4112 quia
605 4043 685 4114 plagae
733 4041 804 4108 Vll,
818 4041 1023 4108 tide-Mam
1032 4040 1135 4096 Graecis
1143 4041 1242 4111 proprie

173 4116 249 4169 variis
258 4118 408 4186 plumarum
415 4120 545 4175 coloribus
556 4120 685 4176 distinete
731 4131 770 4176 est
783 4121 868 4174 turho.
877 4144 911 4160 ·-
920 4120 944 4172 Α
952 4119 1091 4174 velocitate
1104 4131 1133 4174 et
1145 4122 1243 4190 impetu

174 4192 281 4248 fuerint.
393 4241 397 4249 .
731 4217 830 4251 nomen
842 4196 892 4250 hoe
905 4194 1022 4249 inditum
1034 4196 1086 4250 suit
1098 4199 1229 4251 eaniEl.

208 4271 263 4341 769.
282 4275 377 4339 copula
391 4278 531 4330 detrahitur
548 4287 596 4330 ete
617 4278 685 4333 Hac
764 4277 944 4347 773.Eaaere;
957 4273 1068 4343 quidam
1080 4284 1244 4331 excutere.-

173 4348 290 4399 narratio
302 4363 388 4404 exacta
400 4354 459 4407 satis
472 4366 511 4408 est
522 4364 548 4408 et
560 4355 685 4409 minutis-
729 4358 832 4423 leque
840 4370 944 4416 essem
959 4366 1075 4408 conatur
1088 4356 1243 4419 detrahere,

172 4426 237 4480 sima
250 4447 359 4497 quaeque
371 4442 431 4484 ante
445 4435 532 4487 oculos
543 4434 625 4503 ponit.
636 4434 683 4488 llla
729 4436 845 4492 vinela,
863 4432 948 4484 lorum
964 4450 1018 4500 quo
1031 4434 1196 4499 tenebatur,
1207 4434 1244 4484 vel

172 4515 262 4559 autem
276 4505 409 4577 diligentia
422 4528 487 4579 opus
503 4522 576 4578 erat,
598 4531 682 4582 quum
727 4509 811 4582 ipsam
822 4509 951 4579 copulam.
965 4512 1016 4564 Ed.
