2662 5092
114 684 1185 718 Q

241 846 595 954 LECTORI
631 848 1055 961 BENEVOLO

589 1088 617 1143 S.
635 1090 666 1143 P.
682 1089 717 1143 D.

178 1286 505 1373 NICOLAUS
538 1287 806 1375 ELIGIUS
845 1292 1145 1381 LEMAIRE.

541 1543 777 1569 -Φ-ι

125 1839 200 1941 Ex
216 1895 256 1942 eo
276 1867 366 1968 qnod
382 1869 540 1943 NASONIS
555 1868 695 1942 Carmen
712 1869 777 1943 hoc
798 1869 838 1941 de
854 1897 951 1944 rerum
973 1870 1009 1945 Τ
1006 1872 1187 1968 ronsfimuo

123 2002 281 2085 tionibus,
311 2030 377 2075 non
404 2002 519 2076 eodem
542 2002 740 2104 inscriptum
762 2005 896 2078 nomine
922 2004 984 2077 tibi
1007 2005 1185 2094 obveniat,

126 2163 193 2234 quo
209 2135 322 2234 priora
337 2133 402 2208 duo
414 2132 596 2221 volumina,
609 2161 651 2208 ne
664 2134 861 2223 credideris,
876 2137 1016 2211 Lucrott
1030 2155 1187 2224 OPTIME,

126 2263 328 2358 transfugam
345 2295 363 2338 a
380 2264 481 2338 nobis
498 2263 655 2339 defecisse
679 2265 787 2338 virum
811 2264 942 2337 consilii
961 2266 1067 2339 nostri
1084 2268 1188 2368 parti-

10 2482 14 2509 .
124 2398 252 2497 eipem,
265 2399 454 2473 studiorum
467 2398 688 2486 hortatorem,
701 2396 988 2498 aemulatoremque
1004 2399 1188 2494 diligentis-

128 2531 249 2603 simum
263 2533 293 2602 J.
307 2533 348 2604 A.
363 2531 494 2618 Auru,
511 2531 586 2632 qui,
604 2530 632 2605 si
644 2529 777 2630 quando
789 2559 807 2603 a
819 2528 933 2601 labore
947 2530 1092 2631 ineoepto
1107 2530 1189 2604 desi·

127 2681 215 2736 stere
228 2662 268 2734 ad
285 2679 414 2764 tempus
426 2680 563 2763 propter
572 2660 793 2734 valetudinem
807 2678 961 2755 cogatur,
977 2688 1040 2733 nos
1054 2689 1189 2762 quoque

127 2813 330 2897 eogatopera
340 2799 524 2899 interrupta
535 2813 569 2870 et
580 2795 760 2897 pendentia
767 2793 963 2895 relinquere.
977 2794 1080 2892 Quod
1092 2824 1190 2869 omen

125 2928 184 3001 Dii
198 2946 364 3015 avertant,
378 2956 520 3029 quorum
537 2926 694 3028 auspiciis
711 2927 867 3001 inchoata
881 2956 933 3003 res
946 2946 1080 3014 nostra,
1101 2946 1136 3004 et
1148 2928 1190 3002 ad

125 3061 217 3134 hunc
232 3059 318 3132 diem
329 3058 468 3133 feliciter
477 3060 559 3134 adeo
574 3078 750 3160 proveeta,
768 3076 819 3133 tot
829 3059 895 3134 fere
907 3059 973 3133 sibi
988 3059 1188 3148 laudatores,

128 3207 212 3292 quot
223 3191 313 3263 viros
320 3190 551 3266 Universitatis
559 3188 693 3266 Gallica
703 3189 822 3264 studiis
833 3189 977 3265 faventes
991 3188 1189 3285 gratulatum

129 3340 227 3423 atque
240 3322 282 3394 iis
294 3322 376 3422 ipsis
376 3321 513 3422 sua'tur,
534 3320 585 3395 vel
594 3321 694 3406 iratis,
712 3322 771 3422 qui
783 3349 843 3396 nec
852 3322 1046 3396 movendam
1057 3322 1191 3423 quidem

128 3452 226 3525 nobis
245 3453 328 3525 tanti
344 3451 470 3526 laboris
487 3451 627 3540 molem,
647 3453 829 3539 Dictatoria
844 3454 1055 3542 auctoritate,
1075 3481 1117 3527 ne
1141 3452 1191 3526 di·

129 3613 257 3670 camus,
275 3584 451 3658 subinvida
468 3603 597 3671 mente,
620 3586 936 3685 pronuntiaverant!

177 3719 288 3815 Hujus
312 3719 414 3814 igitur
438 3717 564 3805 laudis,
590 3747 662 3818 quae
686 3748 779 3821 spem
800 3735 993 3819 conceptam
1013 3719 1134 3791 mirum
1156 3718 1191 3791 in

127 3849 264 3922 modum
281 3851 504 3950 exsuperavit,
523 3867 648 3951 partem
665 3847 842 3944 legitimam
859 3850 977 3922 referre
998 3865 1030 3921 et
1048 3849 1140 3946 juvat
1160 3866 1193 3921 et

131 3979 223 4054 decet
240 3981 408 4054 ovidiano
427 3980 620 4083 interpreti,
644 3981 723 4079 qui,
745 3998 925 4081 postquam
944 3980 980 4050 in
999 3977 1194 4052 Praefatione

130 4112 226 4213 primi
249 4110 430 4185 voluminis
452 4129 516 4186 tam
543 4111 623 4186 scite
641 4139 740 4210 quam
764 4109 927 4206 eleganter
948 4109 1084 4182 modum
1109 4136 1193 4210 prae-

130 4242 200 4316 vius
217 4244 401 4344 aperuerit,
431 4272 498 4344 quo
517 4242 701 4338 corrigendi
727 4259 849 4316 veteres
871 4271 908 4315 ac
934 4237 1196 4341 interpretandi,

132 4373 176 4447 sie
190 4375 430 4476 interpretatus
443 4391 511 4463 est,
526 4392 565 4448 ut
577 4404 612 4448 re
624 4375 696 4476 ipsa
706 4375 864 4466 vinceret,
878 4403 976 4475 quem
987 4373 1054 4474 jam
1064 4367 1194 4467 eloquio
