2662 5092
242 692 309 764 nr
339 688 507 760 ornan
535 688 1064 767 maranoarrrosron.
1166 724 1191 788 9

212 835 289 896 Sunt
303 832 423 895 immota
435 833 536 918 genis:
552 833 624 895 nittt
639 845 682 896 est
695 835 725 894 in
739 834 859 918 imagine
875 835 939 896 viri.

212 941 272 1021 lpsa
284 958 404 1020 quoque
418 937 538 1000 interius
552 960 617 1000 cum
628 938 702 1002 duro
716 939 812 1025 linqua
825 941 916 1022 palato

211 1044 367 1131 Cousstht,
381 1056 411 1105 et
422 1064 502 1106 venre
513 1043 653 1106 desistunt
663 1066 747 1127 posse
759 1046 877 1108 moseri.

207 1149 265 1210 Nec
278 1148 353 1209 lecti
364 1149 478 1222 tenir,
492 1168 546 1210 nec
559 1146 671 1210 buchia
684 1148 801 1210 reddere
811 1160 927 1233 gestus,

208 1254 267 1316 Nec
281 1275 335 1336 pes
348 1253 391 1315 ire
405 1265 509 1335 potest.

147 1415 199 1492 Nee
212 1417 274 1492 huc
293 1416 386 1493 satia.
398 1459 436 1474 -
450 1419 510 1506 IV,
526 1415 613 1508 551,
628 1417 741 1519 plures
758 1418 912 1494 mulieres
929 1417 1028 1494 simul
1044 1419 1187 1495 eamdem

145 1568 248 1627 sortem
263 1551 462 1655 patiuntur:

427 1715 476 1735 ...
508 1674 675 1757 saltumque
687 1675 785 1739 datura
798 1676 908 1740 moveri

205 1779 289 1842 lland
305 1802 426 1864 usqnam
440 1783 555 1863 potuit,
568 1782 747 1865 scopuloque
761 1781 847 1844 adfixa
858 1781 987 1845 eohresit.

208 1886 325 1962 Atura,
337 1885 407 1948 dun
417 1887 505 1950 solito
517 1900 607 1950 tenus
620 1888 756 1972 plangore
766 1889 849 1951 ferire

207 1992 340 2067 Pectora,
351 2003 474 2055 tenatos
489 1993 575 2054 entis
588 1993 707 2076 riguisse
718 1993 847 2056 lucanos.

210 2095 281 2171 illa,
293 2115 391 2157 manus
403 2108 438 2158 nt
449 2097 523 2157 lorte
538 2096 696 2159 tetenderat
706 2097 737 2158 in
750 2098 834 2159 mama
850 2097 955 2173 undas,

205 2203 295 2263 saxea
308 2201 378 2263 satta
392 2222 491 2263 manus
504 2201 534 2262 in
548 2200 658 2264 easdem
671 2203 795 2287 porrigit
808 2204 916 2279 undas,

134 2387 162 2443 et
177 2397 247 2470 que
260 2367 358 2470 plura
375 2386 570 2469 sequuntur.
585 2367 651 2443 llic
667 2369 886 2443 mutationem
900 2367 1042 2465 generali
1055 2368 1188 2469 quidem

133 2504 265 2576 notione
284 2519 399 2603 quater
416 2502 589 2604 exprimit,
608 2502 667 2576 aed
684 2483 816 2576 variatis
832 2501 958 2588 verbis,
975 2519 1009 2575 et
1026 2530 1188 2602 quamque

132 2634 300 2710 mulierem
314 2639 349 2710 in
364 2636 431 2711 alio
449 2655 543 2734 gestu
560 2637 701 2711 formam
716 2663 836 2710 novam
849 2633 995 2709 induisse
1011 2634 1117 2728 lingit.
1137 2633 1189 2708 Si-

130 2769 202 2845 mile
229 2770 423 2868 figmentum
446 2774 544 2846 etiam
561 2773 597 2844 in
614 2772 714 2845 namsi
740 2769 929 2878 Tyrrhenus,
955 2767 1188 2869 delphinorum

129 2923 277 2981 naturam
294 2907 552 3008 accipientibus,
570 2908 640 2993 lll,
666 2901 754 3007 671,
771 2905 974 3006 reperimns3
1002 2929 1188 3005 quanquam

130 3036 172 3111 ibi
190 3059 226 3114 et
241 3041 278 3114 in
294 3041 437 3138 singulis
454 3040 524 3116 alie
542 3040 694 3142 delphini
709 3058 820 3142 partes
842 3056 1091 3116 memorantur:

403 3227 574 3309 Primusque
587 3225 696 3286 idedun
711 3226 870 3313 nigrescere
887 3228 982 3311 pinnis

208 3329 343 3415 Corpore
358 3334 509 3416 depresso,
522 3345 553 3394 et
566 3331 655 3414 apinae
667 3333 827 3395 curvamina
837 3334 911 3395 flecti

211 3441 316 3523 lncipit
331 3462 338 3500 :
355 3441 423 3503 hnic
434 3440 575 3524 Lyusbas,
592 3441 623 3500 in
638 3462 702 3522 quae
718 3441 873 3522 miracula,
889 3443 975 3520 dixit,

210 3544 355 3606 Verteris?
368 3558 398 3607 et
410 3544 459 3606 lati
469 3544 558 3605 rictus
570 3559 600 3607 et
614 3542 705 3625 panda
719 3544 852 3626 loquenti
1080 3547 1082 3551 ’

209 3653 292 3714 Naris
306 3664 382 3728 erat,
395 3674 597 3736 squamamque
609 3657 683 3719 cutis
694 3658 792 3718 durata
806 3653 942 3715 malebat.

208 3755 251 3818 At
265 3754 368 3838 Libys,
382 3756 526 3818 obstantes
538 3758 606 3819 dum
616 3759 680 3823 vult
694 3756 843 3821 obvertere
857 3776 972 3836 remos,
1068 3815 1073 3825 .

209 3863 245 3922 ln
261 3863 384 3945 spatium
397 3862 505 3924 resilire
516 3885 615 3925 manus
629 3863 715 3927 breve
727 3861 817 3939 vidit,
834 3874 864 3925 et
879 3861 939 3925 illas

208 3964 272 4026 Jam
286 3986 347 4027 non
361 3985 422 4027 esse
434 3986 552 4044 manus,
566 3969 621 4048 jam
637 3968 737 4049 pinnas
749 3985 834 4049 posse
851 3965 965 4043 vocari,
983 3978 1038 4027 etc.

134 4133 196 4207 Eas
210 4150 319 4233 partes
335 4133 364 4208 si
383 4135 573 4234 componis,
591 4135 721 4230 integer
743 4133 811 4208 sere
840 4132 1019 4235 delphinus
1042 4133 1191 4212 efficitur.

134 4267 265 4357 Similia,
276 4271 320 4357 ll,
331 4266 415 4360 346,
431 4267 470 4343 de
482 4268 701 4343 Phaethontis
712 4269 883 4344 sororibus
894 4270 929 4343 in
946 4271 1081 4346 arbores
1093 4288 1194 4345 trans·

134 4403 285 4478 euntibus
296 4403 465 4499 leguntur,
481 4433 562 4504 quas
575 4405 721 4505 primurn
736 4404 887 4500 singulas
903 4405 1063 4490 ostendit,
1078 4403 1196 4478 deinde
