2662 5092
294 623 1052 747 Muranonvuosnoncln.v1.
1139 678 1204 763 433

148 834 166 866 »
186 803 322 875 Latona
336 803 434 876 turba
451 834 458 874 ε
474 832 546 904 quae
565 822 725 904 quantum
743 806 844 879 distat
861 807 902 880 ab
920 809 1025 884 orba?

149 949 167 980 ι)
188 919 237 990 lte
254 918 376 1005 sacris,
393 934 570 1017 properate
588 919 707 1007 sacris3
725 918 918 1022 laurumque
933 923 1059 1025 capillis

1158 848 1208 886 200

144 1086 224 1156 igitur
232 1108 238 1140 :
247 1091 298 1148 Ite,
307 1095 352 1141 sa!
356 1096 396 1141 es!
400 1108 479 1156 opere
485 1094 579 1153 sacn's,
593 1100 653 1157 aut,
700 1101 784 1140 Posito:
794 1102 893 1153 &sanun
902 1103 1011 1157 infectaque
1021 1119 1073 1145 nen
1083 1107 1210 1161 nthqnonq

144 1168 199 1228 Ile,
216 1174 333 1234 salespro
344 1188 370 1219 re
382 1173 467 1230 sacri,
481 1179 526 1220 aut
539 1170 579 1221 Ile
588 1168 654 1222 satri
700 1177 799 1228 quodque
811 1178 874 1225 livet,
890 1179 949 1218 ιιοίιο
964 1189 1082 1220 mnus
1101 1194 1201 1223 mmm

139 1263 251 1311 propere
261 1251 357 1303 sacris.
370 1256 400 1298 ιιι
412 1265 459 1314 per
470 1255 653 1315 contemptum
750 1263 763 1288 ι
778 1264 823 1289 nen

143 1324 179 1375 ita
189 1323 299 1392 appellat
307 1323 454 1377 Thebaidos
466 1324 590 1378 mulieres
602 1345 652 1378 su-

144 1401 301 1471 perstitiosas
309 1439 316 1465 ,
325 1401 482 1469 festinasquc
492 1401 524 1454 ad
533 1421 604 1455 sacra
611 1421 653 1456 ac-

143 1478 271 1547 cipienda.
290 1478 345 1530 Jac
361 1477 529 1545 Gronovius,
545 1480 573 1532 in
588 1478 651 1533 An—

142 1557 295 1624 tiquitatum
320 1555 473 1609 Grecaruvn
508 1556 649 1625 thesauro,

142 1645 208 1690 tom.
222 1636 252 1700 l,
265 1635 368 1688 volebat
379 1655 386 1688 ι
398 1638 498 1689 Ilearis
505 1656 608 1704 propere
617 1641 651 1690 ab

140 1717 244 1776 sacn's,·
263 1713 433 1766 Burmannus
454 1714 651 1780 conjecturabat

139 1792 195 1849 Ire,
208 1809 297 1843 manus
304 1793 432 1858 prohibete
439 1798 533 1857 sacrat,-
545 1793 652 1846 Schina-

139 1870 235 1924 chius:
250 1874 289 1922 Ite
304 1876 385 1932 salis,
402 1879 533 1939 properato
548 1879 645 1935 sacres,

140 1944 213 2012 quod
233 1946 302 1998 inter
319 1946 367 1999 alia
383 1958 497 2000 suaserat
516 1948 649 2002 Heinsius.

144 2021 186 2074 Ex
206 2022 245 2075 his
262 2022 383 2076 omnibns
399 2024 609 2093 comptionibus
620 2044 650 2078 ac

139 2099 373 2155 disturbationibns
392 2102 488 2157 horum
505 2122 649 2170 vemuuru,

145 2179 187 2230 vir
202 2198 292 2232 sensns
312 2179 467 2233 commodus
482 2181 538 2233 erui
557 2191 649 2250 potest.

139 2257 196 2310 Nos
206 2256 432 2326 interpunximus,
451 2276 506 2310 nou
520 2270 578 2328 post
590 2260 650 2311 La-

138 2339 218 2394 tore,
236 2333 281 2387 sed
301 2346 358 2404 post
376 2339 469 2398 turba,
486 2347 512 2389 ct
523 2356 570 2404 quo
586 2355 647 2389 mue

138 2412 250 2466 tavimus
269 2413 297 2465 in
322 2433 385 2482 que.
409 2414 530 2467 Sensus:
553 2414 582 2468 si
605 2414 646 2467 vel

138 2490 252 2542 maxime
259 2490 376 2559 pluribus
384 2491 470 2544 liberis
476 2491 580 2559 spolier,
590 2511 645 2544 non

137 2579 227 2623 tamen
238 2570 346 2622 intanta
358 2589 479 2623 meorum
491 2572 566 2623 turba
574 2571 645 2624 redi-

137 2667 185 2720 gar
196 2647 228 2700 ad
240 2647 384 2701 numerum
395 2648 510 2701 duorum
523 2650 644 2715 Laton23

135 2744 191 2794 qu
216 2744 277 2779 cum
298 2725 401 2778 duobus
421 2726 489 2791 suis,
509 2732 643 2794 quonlam,

137 2823 217 2874 quam
227 2824 334 2874 pamm,
345 2808 428 2857 de'sla!
436 2807 469 2856 al
483 2808 544 2857 orla
552 2809 566 2859 ?
575 2805 644 2857 Mu-

136 2884 229 2938 tationi
235 2883 310 2951 huic,
323 2903 402 2953 quam
410 2903 500 2937 sensus
510 2904 644 2938 commen·

135 2959 196 3026 dat,
223 2961 319 3015 accedit
337 2962 433 3030 aliquid
456 2963 643 3017 auctoritatise

135 3039 218 3092 MSS.
240 3040 347 3093 Etenim
367 3039 514 3106 Ciolanus,
537 3061 551 3093 c
576 3041 644 3095 libro

134 3117 251 3179 Etiam,
269 3119 386 3183 notavit,
402 3120 521 3180 Latona,
542 3120 644 3173 turbe?

134 3213 188 3263 que
203 3201 327 3262 querulum.
348 3195 435 3262 Atque
452 3197 531 3248 eliam
550 3197 642 3249 Hein-

133 3270 251 3338 eiusque
263 3272 289 3322 in
302 3269 452 3323 melioribus
459 3273 562 3341 reperit.
573 3273 643 3326 Leu-

133 3350 189 3404 zius
205 3360 231 3401 ct
248 3351 300 3417 ipse
319 3352 494 3419 probatque,
513 3353 558 3406 sed
576 3373 643 3407 cou-

133 3427 221 3497 jungit
231 3431 305 3478 turba
316 3430 350 3478 ab
358 3431 429 3488 orba,
446 3427 537 3495 idest,
552 3450 565 3482 a
577 3431 642 3484 mul·

132 3503 246 3558 titudine
259 3523 369 3571 eorum,
383 3505 426 3573 qui
436 3506 509 3558 omni
519 3507 591 3576 prole
602 3529 641 3562 ca·

133 3592 203 3636 rent.
224 3582 253 3635 si
277 3582 394 3651 proxima
413 3602 562 3650 servamus,
579 3604 641 3638 sane

133 3664 191 3729 post
204 3665 238 3711 ile
256 3670 283 3712 ct
297 3666 439 3727 properate,
463 3660 640 3732 subintelligi-

132 3756 192 3790 mus
204 3738 414 3807 praepositiouem
425 3757 449 3788 a.

166 3814 206 3867 Ea
218 3817 266 3869 luit
274 3816 363 3886 opinio
376 3813 417 3868 01.
433 3817 521 3882 Gt'cre'g
530 3824 641 3868 atcerte-

132 3914 224 3949 rorum
234 3917 298 3964 quos
308 3897 468 3950 nominavit:
481 3895 507 3947 in
521 3895 570 3948 hoc
584 3895 641 3948 loco

132 3983 187 4027 tam
200 3972 296 4029 difficili
312 3975 386 4027 liceat
405 3993 508 4043 quoque
521 3983 638 4025 nostram

131 4050 346 4104 emendationem
365 4064 532 4120 nostramque
553 4052 641 4121 expla-

130 4129 268 4183 nationem
278 4131 413 4197 subiicere.
423 4133 514 4184 Primo
523 4132 638 4185 dicamus

129 4226 189 4279 qua
201 4208 233 4260 sit
245 4206 320 4261 lectio
332 4219 483 4261 nostrorum
494 4208 639 4266 Codicum:

129 4300 186 4341 Num
202 4308 264 4336 tamen
279 4299 304 4335 sd
324 4312 427 4338 numsrrun
442 4302 518 4349 redigar
533 4303 614 4351 spoliare

179 4371 281 4411 ducum?

134 4443 165 4485 lte
173 4444 244 4491 sacris,
254 4445 408 4497 properes-ests,
416 4445 530 4500 laurumque
537 4447 613 4501 capillis

221 4523 305 4589 III.

700 1322 791 1372 hcm,
804 1323 862 1362 turb·
870 1332 966 1375 quantun
976 1324 1060 1364 distabat
1068 1325 1093 1365 sb
1106 1328 1159 1368 seh.

701 1397 740 1450 lta
749 1416 836 1450 versus
843 1407 975 1451 extremus
983 1396 1113 1468 legitur-iu
1120 1402 1208 1458 codice

700 1475 742 1540 A;
757 1476 803 1529 sed
818 1475 1034 1531 Codethsbet
1046 1478 1209 1537 eodemloco

700 1557 897 1622 Latonelurba,·
907 1565 1086 1626 quemnam
1090 1562 1172 1613 dotat
1176 1567 1210 1615 ab

698 1632 784 1684 orba?
796 1643 906 1702 uterque
919 1634 1009 1701 rejecit
1021 1653 1125 1688 versum
1140 1644 1207 1690 {02⁴

697 1716 749 1761 lana
756 1716 872 1764 animosa
880 1722 928 1765 etc.
939 1751 946 1778 ,
956 1722 1027 1765 certo
1035 1713 1164 1782 spurium,
1172 1714 1206 1768 dc

699 1803 751 1853 quo
766 1786 881 1855 loquitur
897 1786 937 1840 cl.
954 1791 1047 1857 Gien'g.
1060 1789 1129 1856 Qun
1147 1790 1204 1844 lec-

698 1863 783 1917 tiones
795 1865 879 1917 ultimi
888 1886 977 1920 versus
988 1886 1043 1918 nou
1050 1887 1145 1937 parum
1157 1869 1205 1921 im·

698 1939 808 2009 pediunt
825 1944 963 1997 sententie
983 1954 1122 2008 tenorem;
1141 1965 1206 2001 nam

698 2028 808 2085 cetera,
828 2038 908 2089 usque
933 2021 965 2073 ad
990 2020 1061 2074 hunc
1082 2041 1207 2092 versum,

698 2094 775 2164 plane
794 2095 895 2162 fluunt,
920 2098 985 2152 nihil
1008 2100 1081 2152 enirn
1095 2099 1206 2154 vividius

699 2171 746 2227 hac
758 2172 962 2246 interrogatione
975 2195 982 2229 ι
995 2179 1093 2246 liirgr'le
1103 2180 1205 2231 demr'...

697 2272 756 2306 eous
770 2261 860 2308 lamen.
867 2293 887 2310 ..
898 2259 1025 2324 rede‘gar?
1036 2256 1111 2326 Quid
1123 2256 1207 2326 aptius

698 2342 737 2386 est
749 2333 868 2388 ferociori
875 2335 990 2402 iubentis
1001 2336 1107 2390 lemine
1117 2336 1207 2389 animo

695 2431 775 2481 quarn
795 2415 843 2467 ista
863 2416 991 2468 acerbiter
1004 2414 1072 2469 dicta
1086 2436 1093 2468 ι
1108 2418 1147 2468 Ite
1158 2434 1206 2469 so-

693 2496 754 2551 crr's.
761 2511 865 2559 propere
871 2497 952 2544 sacris
959 2492 1100 2556 abscedite;
1109 2504 1136 2546 et
1144 2497 1203 2546 lau·

692 2569 980 2639 nmquaprvocingitur
990 2579 1199 2640 caputvestrum,

691 2649 813 2712 deponite.
822 2647 958 2713 Deponunt
966 2646 1073 2714 quidem
1082 2668 1089 2711 ;
1098 2646 1144 2700 sed
1154 2649 1202 2701 mi·

692 2723 757 2776 reris
771 2734 875 2776 metum
896 2723 967 2793 vulgi
984 2724 1202 2779 inconstantiam-

693 2819 744 2870 que
753 2821 760 2855 :
770 2801 844 2869 dum,
852 2802 949 2856 Niobes
957 2814 1040 2868 metu,
1048 2805 1204 2858 sacmLato·

691 2895 733 2930 no
742 2883 896 2947 relinquunt,
906 2878 975 2933 hanc
985 2886 1063 2934 tacilo
1069 2901 1202 2947 reamare,

690 2961 826 3026 quodlicet,
835 2965 990 3010 oeneranlur.
996 2959 1068 3014 Nihil
1075 2959 1200 3015 hactenus

692 3035 762 3105 quod
774 3055 829 3088 non
846 3035 1002 3090 laudemus:
1017 3036 1062 3089 secl
1080 3037 1142 3106 quid
1155 3036 1198 3092 hic

690 3131 778 3166 vorsus
789 3112 836 3166 iste
847 3133 854 3166 ι
868 3115 987 3178 latam
998 3116 1071 3166 turba
1078 3121 1198 3182 quantam

689 3191 804 3243 distabat
813 3195 846 3243 ab
855 3194 929 3252 orla,
946 3209 1026 3260 quem
1035 3192 1107 3244 nullo
1117 3193 1198 3246 ruodo

688 3267 856 3337 interpretari
872 3287 969 3338 queas,
994 3269 1094 3322 etiarnsi
1116 3271 1197 3324 utaris

690 3349 770 3418 glossa
788 3349 922 3421 marginali
938 3367 1017 3418 quam
1036 3349 1113 3402 habet
1134 3349 1196 3403 Co-

689 3426 737 3479 dex
748 3429 812 3482 alius
823 3428 1033 3496 antiquissimus,
1057 3428 1102 3496 qui
1115 3447 1194 3481 eam-

689 3503 750 3556 dem
770 3505 868 3572 prebet
886 3505 1043 3568 lectionem
1056 3522 1087 3558 es
1097 3523 1195 3576 nempe

687 3593 726 3636 est
739 3582 819 3652 glossa
829 3621 836 3648 ,
847 3601 866 3633 a
880 3585 953 3634 turba
964 3587 1078 3635 orbamur
1090 3592 1196 3637 matrum

687 3669 804 3731 quantum
815 3662 935 3713 da‘stabat.
949 3660 1040 3729 Quare
1051 3661 1122 3717 hunc
1133 3684 1195 3717 ver*

687 3757 744 3792 surn
752 3776 760 3803 ,
769 3736 818 3791 hoc
827 3738 885 3790 loco
894 3738 984 3791 saltem
994 3739 1125 3806 inutilem,
1132 3759 1194 3794 cum

689 3814 729 3868 Cl.
745 3818 846 3882 Geen'g,
860 3825 919 3884 post
926 3834 1031 3869 versum
1040 3819 1197 3871 Neritum

685 3892 874 3960 relinquimus;
892 3904 934 3954 et,
952 3896 1050 3946 turbam
1062 3913 1109 3963 pro
1123 3897 1196 3947 turba

685 3972 842 4037 scribentes«,
869 3972 905 4024 ita
930 3973 1086 4042 explicamus
1107 3985 1192 4028 totum

686 4050 772 4102 locum
784 4069 791 4103 ι
806 4073 818 4095 ιι
828 4051 900 4104 Νιιιιι
910 4052 990 4121 igitur
997 4052 1104 4121 spoliata
1114 4053 1192 4105 redi-

685 4146 731 4196 gar
745 4125 776 4178 ad
788 4146 930 4180 numerum
941 4128 1053 4180 duorum
1065 4128 1191 4196 filiorum,

685 4223 743 4273 qun
755 4216 794 4257 est
805 4207 880 4258 turha
896 4206 1022 4258 Latona?
1038 4205 1128 4274 Quam
1144 4227 1192 4275 pa·

683 4304 745 4337 rum
758 4285 812 4337 lraec
820 4285 898 4338 distat
910 4304 924 4337 a
936 4296 1019 4338 matre
1027 4286 1190 4356 spoliatasuis

683 4364 741 4417 liliis
754 4365 760 4415 !
777 4366 864 4433 Ergo,
876 4384 957 4432 quum
967 4366 1067 4418 Latona
1075 4383 1189 4418 numero

682 4444 826 4504 liberorum
842 4463 947 4498 mecum
964 4464 990 4498 so
1003 4447 1123 4498 conferre
1135 4461 1191 4495 no-

1014 4537 1055 4593 28
