2662 5092
243 686 306 754 DE
333 684 506 752 OPERE
536 683 1073 756 METAMORPHOSEON.
1145 694 1182 758 31

82 826 87 839 ’
158 819 232 912 bene,
248 825 315 913 VI,
333 821 401 916 48,
419 823 580 897 Arachne
597 824 717 912 rubor,
732 824 876 898 vicissim
895 854 1056 926 apparens
1072 846 1106 902 et
1119 858 1193 904 eva·

155 973 282 1038 nescens,
300 978 376 1023 eum
394 959 466 1022 aere
483 947 547 1022 sub
566 948 705 1022 Aurora
723 966 834 1022 ortum
851 978 1029 1051 purpureo.
1051 994 1090 1008 -
1117 955 1188 1040 lX,

154 1095 217 1171 170,
234 1071 389 1148 Herculis
404 1101 505 1145 eruor
518 1071 636 1161 stridit,
650 1100 704 1146 cea
718 1073 832 1146 lamina
845 1073 975 1148 candeas
984 1075 1098 1150 Tincta
1110 1077 1188 1151 lacn.

147 1195 279 1288 Temere,
296 1200 358 1287 IV,
379 1194 535 1296 dha-Gy,
555 1196 788 1273 similitudines
806 1199 984 1273 cumulavit
999 1218 1032 1275 et
1048 1201 1118 1275 sine
1133 1202 1192 1275 de-

141 1318 213 1399 lectu
229 1325 357 1426 posuit.
384 1322 478 1398 Idem
498 1322 713 1421 judicandum
729 1340 780 1397 est
805 1324 846 1397 de
862 1325 1012 1398 sentemri's
1032 1327 1189 1415 incertis,

137 1476 264 1548 quarum
275 1446 505 1549 aliaeplaeent,
519 1447 590 1522 alia
602 1448 829 1548 improbandae
843 1467 931 1524 sunt.
947 1450 1043 1537 Vere,
1052 1453 1096 1538 ll,
1106 1452 1188 1551 447,

133 1591 256 1660 monet,
273 1572 368 1658 Heu,
386 1599 476 1672 paam
492 1571 618 1674 difficile
633 1587 698 1658 est,
720 1574 830 1646 crimea
852 1602 912 1647 naa
928 1572 1058 1672 prodere
1073 1574 1164 1647 vultu
1175 1583 1191 1646 !

130 1696 209 1771 Vere
226 1695 344 1783 etiam,
361 1696 420 1783 IV,
440 1693 487 1788 64
502 1727 510 1769 :
531 1695 605 1796 Qua
619 1697 716 1795 magis
729 1696 847 1795 tegitur,
863 1711 957 1769 tectas
968 1698 1065 1796 mqye‘s
1080 1713 1191 1787 restant

129 1824 220 1926 pair,
236 1850 356 1923 nempe
364 1821 500 1895 amoris.
516 1822 607 1923 Saepe
618 1823 725 1922 repeti
737 1820 905 1910 ridemus,
919 1839 959 1895 nt
970 1824 1190 1906 verissimum,

129 1975 166 2022 ex
191 1948 282 2034 Vll,
307 1972 351 2018 21
376 1975 384 2019 :
405 1945 457 2020 V
442 1945 511 2020 rdea
537 1947 663 2020 meliora
687 1947 866 2047 pmbaqrre5
887 1947 1053 2022 Detenhra
1074 1978 1189 2050 sequar.

132 2068 259 2144 Grecis
287 2069 403 2161 dehet,
427 2099 515 2171 qna,
533 2072 608 2161 Ill,
637 2069 724 2159 135,
746 2071 790 2146 ael
811 2072 972 2147 Cadmum
995 2074 1190 2164 transtulit,

132 2194 276 2284 seilicet,
295 2195 405 2269 alteiae
427 2223 546 2298 semper
568 2196 792 2297 Exspectanda
819 2197 883 2271 dies
908 2197 1045 2296 domiai,
1077 2199 1194 2302 dicique
1239 2299 1246 2308 θ

133 2321 231 2395 tam
244 2322 337 2397 Ante
351 2321 466 2395 aditam
479 2349 566 2395 aema
578 2321 897 2423 supremapaesanera
910 2321 1004 2395 debet.

177 2444 422 2520 Anaedram'smr'
434 2474 469 2520 se
483 2475 568 2548 sape
579 2475 673 2521 reum
685 2446 762 2519 feeit
778 2475 786 2517 ε
800 2446 833 2532 Ι,
849 2443 930 2532 218,
944 2446 1089 2520 Arcades
1104 2476 1193 2520 eom-

136 2587 368 2658 memorantur,
394 2571 454 2671 qui
469 2573 575 2645 serius
595 2571 636 2644 ab
656 2568 784 2659 Arcade
801 2597 923 2643 nomen
945 2570 1100 2645 invenere
1116 2601 1124 2658 ;
1152 2573 1191 2657 I,

136 2687 216 2790 373,
230 2690 270 2765 de
281 2695 481 2770 ornamentis
495 2693 696 2794 templorum
706 2690 919 2767 Deucalionis
928 2710 1021 2767 atate
1035 2692 1193 2793 loquitur,

134 2833 168 2889 ut
175 2816 217 2891 de
227 2845 291 2892 sno
299 2836 458 2920 tempore.
470 2819 584 2893 Serius
591 2821 689 2894 etiam
706 2818 914 2908 aeciderunt,
935 2847 1007 2920 quae
1023 2822 1089 2907 111,
1108 2820 1193 2920 559,

135 2941 169 3015 de
181 2945 310 3019 Acrisio
325 2963 496 3020 memorat.
514 2947 589 3034 Jam
607 2944 789 3019 Pandionis
807 2962 955 3046 tempore
975 2945 1192 3032 Corinthum,

134 3069 198 3158 Vl,
223 3067 320 3162 416,
346 3070 472 3144 aadr'Iem
494 3092 555 3145 are
575 3089 686 3158 vocat,
707 3088 805 3171 atque
821 3098 904 3145 vers.
936 3069 1028 3164 423,
1051 3071 1193 3148 Athenis

134 3212 202 3270 ante
215 3193 348 3268 Thesea
363 3220 465 3268 maras
477 3192 612 3282 tribuit3
628 3194 809 3296 eodemque
825 3213 973 3297 tempore
989 3212 1022 3271 et
1038 3199 1191 3272 convivas

135 3317 357 3404 hmanas,
377 3316 471 3405 Vlll,
489 3315 570 3410 555,
584 3318 663 3405 Xll,
686 3317 762 3409 155,
779 3318 884 3417 fingit.
899 3318 1070 3405 Interdum
1086 3337 1193 3403 tamen

137 3440 325 3538 diligentius
334 3442 468 3531 scribit,
480 3459 535 3531 ut,
548 3444 599 3531 Il,
616 3468 703 3543 219,
717 3441 850 3517 nondum
867 3442 1027 3543 OEayrrirs
1043 3444 1194 3529 Hamas:

137 3565 200 3675 Vl,
218 3565 304 3658 415,
319 3566 470 3642 Naadmn
486 3583 579 3642 tarra
596 3566 735 3674 Calydon
749 3568 844 3640 iarr'sa
854 3567 991 3654 Diana;
1004 3596 1087 3651 rere.
1103 3568 1193 3661 418,

139 3689 245 3794 Nepae
258 3689 362 3766 addae
374 3691 512 3766 R'tther'a
527 3692 668 3766 Tracta.
694 3692 939 3794 Mythologiam
956 3712 990 3768 et
1003 3723 1113 3768 rerum
1135 3725 1196 3767 na-

141 3828 240 3891 1010111
255 3846 497 3921 nonnunquam
511 3819 694 3892 confundit.
706 3819 867 3908 Triones,
885 3818 1092 3895 Phaethonte
1107 3819 1195 3896 Solis

143 3964 269 4014 currum
286 3959 420 4036 agente,
436 3959 582 4031 tentant,
599 3944 648 4029 ΙΙ,
672 3967 753 4043 172,
764 3944 858 4017 vetita
873 3972 992 4045 aquare
1004 3944 1127 4038 tingui,
1145 3963 1195 4030 et,

144 4086 218 4133 vers.
240 4063 329 4154 530,
346 4065 477 4139 demum
494 4069 585 4140 Juno
602 4067 667 4139 hoc
683 4068 875 4168 impetrasse
892 4066 1031 4163 legitur,
1053 4086 1091 4141 nt
1107 4089 1197 4144 reta-

151 4202 261 4260 rentur
276 4189 394 4284 tingui.
424 4191 519 4263 Vers.
539 4188 626 4279 253,
644 4192 736 4291 cycni
754 4189 918 4265 calescunt
935 4192 970 4265 in
989 4193 1145 4292 Caystro,
1164 4211 1197 4264 et

150 4313 370 4407 penlo'serius,
390 4344 472 4389 vers.
484 4313 565 4415 377,
584 4317 715 4416 Cycnus
730 4347 785 4391 rer
800 4317 838 4392 fit
853 4348 930 4394 aava
943 4320 1010 4392 avis
1022 4319 1120 4415 hujus
1133 4346 1196 4388 no-

153 4437 244 4511 minis.
265 4441 385 4513 Peceat
398 4440 541 4513 Ovidius
555 4441 722 4514 interdum
736 4459 770 4515 et
785 4441 821 4513 in
836 4442 998 4541 physicis,
1023 4459 1061 4511 ut
1075 4470 1194 4537 quum,
