2662 5092
267 409 277 431 0
674 416 680 433 s

294 756 802 824 METAMORPHOSEON
830 760 915 826 LIB.
939 762 1008 829 VI.
1116 758 1182 852 459

131 894 221 993 Saepe
240 919 352 966 sorore
367 921 443 981 sua,
463 893 591 988 magnis
607 894 831 994 superomnia
848 895 951 969 Divis.

131 1006 191 1081 Illa
209 1008 338 1094 tremit;
354 1006 445 1082 velut
459 1037 544 1103 agna
556 1037 693 1109 pavens,
713 1038 785 1109 quae
802 1011 912 1082 saucia
928 1013 1000 1085 cani

132 1123 200 1198 Ore
217 1153 351 1199 excussa
368 1123 460 1225 lupi,
478 1124 626 1198 nondum
644 1124 711 1198 sibi
729 1141 800 1197 tuta
818 1124 967 1199 videtur:

131 1241 243 1339 thue
261 1238 435 1326 columba,
453 1267 516 1312 suo
532 1237 722 1313 madefactis
739 1240 897 1336 sanguine
913 1239 1054 1340 plumis,

131 1355 256 1426 Horret
268 1353 391 1441 adhuc,
406 1353 585 1454 avidosque
599 1353 692 1428 timet
701 1354 969 1455 quibusbaeserat
982 1381 1122 1451 ungues.
1139 1375 1187 1430 530

131 1472 216 1544 Mox
231 1469 289 1543 ubi
307 1498 399 1544 mens
416 1470 532 1558 rediit,
550 1499 665 1572 passos
686 1471 805 1546 laniata
823 1470 978 1572 capillos,

130 1585 274 1681 Lugenti
289 1584 427 1673 similis,
446 1586 536 1659 caesis
552 1583 713 1686 plangore
731 1585 881 1674 lacertis,

133 1703 312 1777 intendens
328 1700 474 1803 palmas:
493 1702 593 1776 «Pro
609 1702 709 1790 diris,
725 1702 883 1788 barbare,
902 1699 1017 1789 sactis,

135 1853 152 1885 u
172 1822 238 1893 Pro
256 1818 417 1906 crudelis,
432 1819 478 1893 ait
487 1816 502 1892 l
513 1846 573 1893 nec
590 1837 622 1893 te
634 1817 788 1892 mandata
802 1817 948 1919 parentis

134 1970 152 2000 »
174 1936 258 2007 Cum
275 1934 424 2035 lacrymis
442 1962 571 2009 movere
587 1935 675 2034 piis,
693 1962 753 2007 nec
768 1961 845 2007 cura
863 1932 1004 2018 sororis,
1142 1955 1190 2007 535

135 2085 152 2115 »
172 2051 241 2124 Nec
255 2079 326 2125 mea
342 2050 533 2147 virginitas,
548 2078 609 2124 nec
627 2049 823 2148 conjugialia
838 2049 934 2146 jura?

134 2201 153 2231 2>
175 2166 297 2239 Omnia
314 2166 477 2241 turbasti:
492 2165 600 2267 pellex
615 2194 678 2261 ego
694 2164 779 2239 facta
796 2165 938 2252 sororis;

134 2321 152 2351 »
172 2290 225 2361 Tu
242 2289 391 2383 geminus
407 2289 545 2385 conjux,
560 2317 630 2362 non
644 2287 713 2362 baec
730 2289 813 2361 mibi
828 2287 941 2362 debita
956 2313 1064 2387 prena.

135 2444 152 2474 »
175 2410 268 2506 Quin
282 2411 421 2483 animam
428 2409 529 2499 banc,
538 2439 579 2485 ne
590 2411 680 2512 quod
690 2410 816 2484 facinus
830 2396 908 2496 tibi,
921 2408 1060 2510 perfide,
1073 2425 1189 2491 restet,

134 2565 152 2598 >›
171 2534 310 2634 Eripis?
325 2552 424 2634 atque
439 2535 565 2607 utinam
584 2536 716 2609 fecisses
734 2551 809 2608 ante
826 2533 986 2609 nefandos
1140 2554 1189 2624 540

135 2688 152 2719 >1
175 2655 398 2729 Concubitus!
416 2683 533 2729 vacuas
550 2654 739 2731 habuissem
755 2655 900 2730 oriminis
917 2655 1061 2730 umbras.

131 2892 212 2939 nem,
230 2883 257 2926 et
275 2873 372 2938 solam,
385 2882 412 2925 et
427 2872 474 2926 sibi
493 2871 636 2940 creditam,
686 2873 811 2927 Heinsius
827 2883 921 2943 putat,
942 2872 1054 2927 alterum
1069 2871 1191 2927 hemisti-

132 2959 158 3001 et
177 2960 296 3018 patrem,
315 2968 449 3017 sororem,
473 2960 501 3003 et
518 2950 637 3018 inprimis
685 2949 790 3015 chium,
802 2970 852 3003 non
864 2953 918 3003 hec
935 2989 953 3005 ..
964 2968 1069 3017 ..pana
1085 2949 1191 3003 asciolo

131 3027 204 3081 Deos
215 3028 417 3098 implorantem,
433 3029 536 3082 violare.
556 3030 606 3081 El.
685 3026 827 3093 additum,
847 3037 875 3080 et
892 3027 1012 3080 lacunam
1029 3045 1084 3080 esse
1104 3027 1190 3080 relin-

165 3109 219 3173 ⁵27·
236 3111 310 3160 Velut
320 3129 388 3175 agna
396 3127 506 3176 parens,
522 3117 571 3162 etc.
588 3107 638 3160 Si·-
686 3103 832 3173 quendam,
845 3103 933 3172 quales
945 3103 1035 3157 multas
1046 3103 1115 3173 apud
1128 3103 1193 3155 Vir-

131 3182 292 3237 militudines
305 3184 418 3239 delectae.
430 3212 463 3226 —
476 3187 548 3239 Caae'.
566 3183 637 3239 Vide
687 3181 778 3250 gilium
789 3191 935 3235 occurrant.
948 3181 1004 3234 Nec
1013 3179 1077 3232 mibi
1085 3179 1129 3232 illa
1137 3198 1191 3232 ver

133 3262 165 3314 ad
178 3262 207 3326 1,
228 3263 282 3314 238.
508 3314 509 3317 ,
687 3259 719 3311 ba
725 3278 884 3329 magnopere
891 3258 1004 3327 placent,
1012 3257 1107 3327 quippe
1113 3256 1192 3311 nimis

166 3341 222 3391 532.
240 3341 351 3405 Lugenti
403 3344 518 3403 lacertis,
535 3341 639 3411 ineptus
687 3335 808 3407 ltnssulda
818 3336 844 3391 b·
855 3337 871 3390 l·
887 3336 931 3389 ubl
943 3335 1067 3405 plerique
1075 3335 1192 3388 mimum

132 3433 236 3479 versus,
252 3433 332 3482 quern
344 3416 469 3470 Heinsius
480 3428 550 3471 recte
562 3418 638 3486 judi·
687 3413 922 3466 commotissimum
933 3411 1039 3480 spirant
1052 3410 1136 3480 Negat
1146 3421 1192 3463 ta-

131 3503 173 3546 cat
192 3491 385 3555 adulterinum
403 3493 449 3547 sed
462 3514 517 3562 sqq.
538 3498 589 3548 Pro
599 3500 640 3549 di·
687 3509 750 3544 men
760 3492 930 3548 Burmannus
944 3489 1072 3545 Ovidium
1088 3490 1193 3544 lacunas

132 3577 182 3633 ris,
201 3581 249 3623 etc.
261 3589 323 3625 sana
338 3581 409 3640 puto.
422 3571 551 3625 invidiose
565 3573 638 3626 enirn
687 3570 838 3639 reliquisse,
857 3580 1005 3640 putatque,
1023 3589 1128 3624 sensum
1139 3571 1195 3624 ele-

132 3647 639 3702 barbarivocabulumbicsdhibitumes·
688 3658 794 3718 gautero
805 3647 891 3712 effici,
905 3647 926 3699 si
942 3647 1058 3716 legatur,
1072 3667 1124 3705 sou
1140 3651 1194 3700 hec

133 3737 269 3795 se,sponte
277 3737 390 3795 apparet
398 3726 480 3779 Recte
490 3725 569 3795 igitur
579 3723 638 3777 addi
686 3728 854 3778 melis'creds'ta
865 3742 957 3792 pena,
971 3734 1001 3777 ut
1007 3743 1086 3791 puna
1100 3725 1134 3779 sit
1144 3744 1193 3778 cn—

132 3803 218 3871 potuit
228 3802 388 3869 misissetis.
404 3802 530 3856 Heinsius
548 3813 637 3854 tamen
687 3800 805 3869 lamitas,
825 3801 937 3855 miseria.

132 3880 254 3933 suadebat
266 3884 318 3932 diri
321 3882 400 3949 sacti.
720 3884 775 3954 539.
787 3884 878 3944 Hauc,
892 3892 947 3935 tarn
959 3881 1099 3948 miseram,
1115 3900 1193 3951 quum
1247 3897 1250 3904 ’

166 3958 221 4024 537.
241 3960 373 4019 Turbasti,
387 3957 503 4023 violasti,
517 3956 638 4026 polluisti.
686 3959 1008 4015 redemite-limum
1019 3960 1193 4019 habesnosser

133 4030 194 4083 Vid.
204 4033 244 4084 vir
252 4032 343 4089 doctus
350 4036 375 4088 in
384 4034 452 4087 Bibl.
461 4033 552 4102 Tigur.
559 4053 585 4102 p.
594 4053 636 4106 91,
690 4038 780 4093 Codex
788 4040 811 4094 B
820 4062 827 4104 3
841 4050 868 4094 et
880 4039 957 4093 multi
973 4041 1130 4110 interprete,
1142 4041 1190 4094 de-

134 4107 179 4175 qui
189 4120 262 4177 putat
274 4111 400 4164 Nostrum
412 4112 550 4179 respexisse
565 4110 637 4180 virg.
686 4118 814 4172 leserunt
831 4118 887 4172 Sed
900 4139 930 4172 ea
942 4138 1008 4186 vor,
1027 4119 1130 4190 gravius
1142 4139 1191 4175 so-

134 4184 239 4236 AEneid.
258 4186 314 4255 lV,
327 4189 374 4240 352
389 4208 444 4256 sqq.
455 4214 488 4228 -
500 4187 572 4241 Cum
586 4208 639 4256 μ-
686 4212 752 4250 naus
763 4214 838 4249 more
851 4195 1012 4265 virgiliano,
1025 4200 1191 4266 prestath'd.

133 4265 311 4332 mritoconjuge
320 4267 444 4319 Heinsius
453 4277 587 4336 comparat
595 4269 638 4319 du·
685 4299 718 4311 -
729 4272 885 4327 Vacunae.
897 4273 993 4326 Sancta
1002 4273 1191 4329 descendissem

129 4347 210 4409 plr'ces
225 4345 370 4410 thalamos,
389 4343 458 4413 apud
471 4345 536 4398 Stat.
553 4344 637 4399 Tbeb.
686 4347 719 4402 ad
729 4349 837 4405 inferos.
857 4351 893 4403 At
909 4350 998 4405 illasio
1012 4370 1115 4421 quoque
1134 4352 1192 4405 eri-

134 4420 263 4491 X11,471
276 4421 637 4494 ssedh·l·in³umm³tle³pe·
660 4458 664 4465 ·
685 4427 764 4483 minis
786 4447 867 4483 vacua
886 4439 958 4492 erat;
979 4428 1191 4499 quandoquidem

135 4500 233 4553 ratione
236 4500 308 4567 justo
315 4501 429 4570 argutius
440 4501 637 4557 dictumPorro
685 4503 773 4560 mima
785 4513 890 4573 peccat,
905 4523 959 4558 non
977 4524 1077 4575 corpus.
