2662 5092
138 730 202 814 422

412 728 452 792 P.
483 723 661 791 OVIDlI
692 719 924 789 NASONIS

137 868 279 942 Prodere
298 892 372 940 curn
387 864 497 938 baccis
516 863 633 938 soetum
650 860 799 936 canentis
817 858 933 945 olivae3

135 982 316 1083 Mirarique
333 984 424 1054 Deos
438 1010 446 1053 :
461 979 553 1081 operi
565 976 704 1051 victoria
720 975 807 1056 linis.

136 1102 183 1171 Ut
201 1116 309 1172 tamen
327 1096 485 1199 exemplis
501 1093 666 1190 intelligat
678 1092 795 1168 amula
812 1089 943 1178 landis,

136 1215 239 1310 Quod
256 1215 400 1316 pretium
420 1231 529 1315 speret
546 1241 609 1314 pro
626 1229 693 1289 tam
708 1208 887 1285 furialibus
904 1207 1012 1294 ausis,

135 1332 305 1427 Quattuor
320 1330 353 1402 in
371 1348 481 1431 partes
497 1327 673 1403 certamina
692 1341 854 1426 quattuor
871 1322 968 1397 addit
1155 1344 1183 1398 u

137 1445 231 1520 Clara
250 1444 361 1519 colore
378 1473 440 1518 suo
453 1500 467 1532 ,.
481 1443 638 1517 brevibus
653 1431 809 1517 distincta
828 1437 964 1535 sigillis.

134 1561 319 1635 Threiciam
338 1559 527 1659 Rhodopen
545 1558 646 1635 habet
661 1554 802 1652 angulus
820 1581 931 1640 unns,
951 1568 986 1624 et
1003 1553 1154 1651 liemon,

134 1685 232 1757 Nunc
251 1682 378 1779 gelidos
394 1700 545 1769 montes,
561 1678 713 1754 mortalia
730 1705 872 1779 corpora
890 1673 1082 1777 quondam

133 1808 279 1880 Nomina
297 1833 502 1879 summorum
519 1801 585 1876 sibi
604 1801 661 1902 qui
679 1799 823 1873 tribuere
841 1799 1008 1872 Deorum.

134 1927 247 2003 Altera
266 1930 423 2030 Pygmaea
439 1927 544 2000 satum
562 1920 749 1998 miserabile
765 1918 882 1994 matris
1161 1957 1188 2008 φ

134 2164 167 2175 -
175 2136 216 2187 De
225 2137 340 2202 aspida
352 2132 394 2186 hic
402 2132 548 2203 prepositio
560 2131 643 2185 otiosa

133 2222 179 2265 est.
190 2214 349 2272 -I’rodere,
363 2210 433 2265 idem
448 2231 526 2281 qnam
536 2252 543 2276 ,
555 2209 643 2265 cdere.

135 2288 227 2344 Codex
241 2289 337 2360 Regius
351 2289 374 2342 Α
387 2289 465 2342 habet
475 2292 561 2356 edere,
574 2289 642 2343 bene

135 2369 168 2423 de
179 2382 248 2422 terra
259 2387 318 2438 qun
330 2367 384 2422 edit
396 2370 479 2422 scetus.
492 2370 643 2423 Ee-cun

135 2453 228 2501 baccis.
246 2449 335 2502 Barcae
352 2449 451 2501 fructus
475 2448 578 2516 proprie
597 2446 643 2500 di-

134 2537 231 2579 cuutur
239 2526 327 2592 olivoe,
337 2526 497 2579 etsimilium
508 2526 642 2588 arborum,

135 2605 219 2672 quiet
236 2604 320 2673 exigui
339 2615 401 2657 sunt
413 2614 440 2657 et
452 2605 519 2669 rari,
539 2624 568 2656 ac
585 2624 600 2656 a
616 2623 643 2656 se

135 2681 248 2733 invicem
258 2682 369 2750 separati
385 2692 537 2734 nascuntur.
553 2679 601 2732 Ed.
611 2708 644 2720 -

136 2763 239 2812 Foelum.
253 2760 285 2812 ln
297 2759 346 2812 hoc
357 2758 483 2812 vocabulo
492 2758 645 2813 haeretGla-

135 2857 206 2890 reon.
231 2856 314 2906 quum
338 2837 416 2891 arbor
440 2838 572 2891 nominari
591 2837 645 2890 de-

134 2918 237 2969 buisset.
248 2942 281 2957 -
297 2916 376 2967 Ole'oae
387 2920 502 2967 canentis
514 2935 528 2967 a
540 2915 644 2980 colore,

136 3015 215 3065 quern
226 2995 334 3048 inferius
344 2994 466 3047 loliorum
480 2995 546 3047 latus
557 2995 644 3047 refert.

136 3073 274 3144 Virgilius,
285 3074 372 3143 Eclog.
382 3076 417 3138 V,
427 3094 462 3126 vs.
473 3074 516 3140 th,
522 3077 644 3140 pallentes

133 3159 211 3206 olrhae.
227 3155 385 3207 Burmanno
399 3171 453 3204 nou
467 3150 583 3219 displicet
596 3151 644 3205 lec·

134 3234 171 3287 tio
188 3229 379 3295 Bononiensis,
396 3228 644 3294 ramnmsrondentr's

133 3314 218 3367 olive.
246 3318 273 3361 ut
291 3307 401 3360 allusum
418 3306 451 3358 sit
467 3304 498 3356 ad
521 3305 641 3370 Groecas,

134 3391 229 3442 θάλλειν
242 3400 267 3440 et
280 3387 381 3446 saltim
402 3401 460 3452 quse
472 3403 546 3436 voces
558 3402 595 3451 pr.
609 3381 642 3436 de

133 3466 182 3518 hac
196 3484 266 3518 sacra
288 3461 398 3518 Palladis
412 3461 478 3513 oliva
491 3459 566 3514 (lictae
582 3460 642 3514 sint.

134 3546 249 3598 Frustra.
260 3543 345 3596 Arbor
354 3539 494 3594 commode
497 3541 581 3608 satus
592 3539 643 3593 dici

134 3621 235 3693 potuit,
247 3640 344 3691 nempe
355 3631 440 3674 terra.
454 3619 499 3675 llla
509 3621 562 3688 ipsa
570 3619 642 3685 olea,

132 3720 212 3770 quam
226 3700 348 3752 Minerva
360 3698 534 3768 produxerat,
547 3698 573 3750 in
585 3717 642 3750 arce

133 3777 337 3833 Atheniensium
348 3777 514 3842 servabatur,
523 3787 587 3830 teste
596 3775 643 3829 So·

132 3859 242 3930 phocle,
259 3856 323 3910 OEd.
341 3855 400 3909 cot.
411 3856 461 3909 585
473 3876 528 3927 sqq.
539 3895 546 3920 ,
561 3868 586 3910 et
600 3875 643 3910 os-

132 3935 290 3988 tendebatur
307 3931 392 3984 adhuc
410 3943 529 3999 tempore
556 3932 643 4002 Apot-

132 4011 216 4064 lodori
229 4012 255 4063 in
269 4009 396 4064 Pandrosi
408 4009 509 4062 sacello.

164 4088 203 4139 82.
222 4089 299 4153 Operi
307 4087 489 4154 vr'clort'afinis.
503 4088 590 4156 Vulgo
603 4088 643 4141 le-

132 4163 201 4231 gitur
220 4171 307 4228 operis.
331 4165 370 4219 lta
391 4183 495 4233 quoque
510 4165 536 4216 in
554 4164 642 4219 Codi-

132 4239 203 4290 cibus
224 4242 327 4293 nostris.
352 4244 423 4310 Opus
444 4241 534 4295 clausit
553 4243 619 4296 oliva
639 4285 646 4312 ,

130 4315 279 4387 symbolum
298 4319 381 4386 paris,
401 4320 427 4371 in
440 4318 568 4388 suffragiis
587 4321 642 4375 vic-

130 4394 196 4448 toria
209 4417 215 4456 3
229 4394 287 4446 vide
300 4397 367 4448 infra
379 4417 484 4451 versum
498 4416 551 4450 ror.
567 4401 614 4453 Ed.

161 4474 202 4539 84.
209 4473 332 4535 Pretium,
344 4475 507 4543 mercedem,
517 4495 639 4545 poenam

691 2150 753 2185 nam
764 2130 835 2198 iuxta
851 2126 1010 2184 callimach
1024 2128 1052 2183 b
1063 2127 1187 2200 ApollaS,

691 2216 757 2265 aazia
773 2211 917 2284 perciperem
934 2211 1031 2285 ἔμ’ζιιν.
1043 2237 1076 2248 -
1090 2210 1186 2276 W·

691 2294 847 2356 υ111ςιζην,
867 2290 952 2342 ellam
966 2288 999 2342 de
1017 2288 1187 2359 exspeclalt'one

692 2372 752 2426 mali
767 2370 844 2424 :vide
862 2370 1013 2424 lleinsium
1029 2370 1063 2423 ad
1076 2369 1122 2423 t'tl
1134 2379 1190 2421 extr.

689 2479 723 2490 -
735 2452 878 2505 Cedamr'ra
900 2448 948 2501 illa
966 2447 1108 2502 bominum
1127 2456 1192 2500 erant

690 2547 751 2581 cum
757 2527 1189 2596 Diissecomparantinm.-Clm.

692 2604 856 2669 eminentia,
875 2623 931 2672 qno
951 2604 1057 2658 facilius
1080 2603 1193 2657 Arachnes

692 2683 779 2736 oculos
792 2684 818 2736 in
831 2703 858 2736 se
875 2681 1192 2751 adverterent-bove.

692 2761 880 2832 imagunculoe,
896 2762 997 2831 quibem
1010 2767 1142 2823 dastrhcla,
1152 2781 1193 2813 ra·

691 2841 803 2909 riegata,
818 2839 859 2891 illa
871 2841 1035 2894 certamina.

725 2920 764 2988 87.
782 2919 884 2969 Hamus
896 2928 924 2970 et
941 2921 1088 2987 Rhodope,
1107 2928 1194 2972 montet

693 2994 1194 3060 Thraciae,olimineranthominesexiit

693 3072 753 3127 dem
763 3073 914 3142 parentibus
924 3074 1000 3128 editi.
1013 3076 1051 3130 Hi
1061 3094 1136 3144 quum
1148 3091 1195 3125 mu·

693 3163 738 3204 tuo
749 3152 817 3204 inter
826 3172 853 3202 se
865 3170 959 3205 amore
974 3152 1131 3224 flagrarent,
1141 3151 1193 3203 tte·

693 3250 750 3283 mus
761 3249 880 3283 sororem
893 3231 1040 3300 appellavit
1053 3232 1191 3291 Jononen,

692 3309 847 3362 illalratrem
855 3309 964 3363 dorem.
975 3308 1007 3362 ld
1019 3309 1193 3380 aegreferentes

693 3385 737 3438 Dii
749 3385 837 3438 ambos
848 3395 1029 3440 mutaverunt
1043 3388 1070 3440 in
1084 3396 1181 3438 montes

724 3481 764 3533 9⁰·
779 3461 820 3514 De
838 3463 1034 3532 Pygmaeomm,
1055 3464 1193 3516 homuncu-

692 3538 778 3593 lorum
796 3539 1038 3607 brevissimornm,
1057 3540 1125 3594 bellis
1143 3555 1193 3591 eunt

689 3624 805 3688 grur‘dus,
819 3618 871 3672 vid.
881 3620 998 3686 Strabo,
1016 3622 1046 3688 l,
1057 3642 1082 3692 p.
1090 3622 1128 3674 60.
1135 3618 1193 3672 Fons

691 3701 785 3753 sabnloe
796 3710 835 3752 est
848 3701 962 3754 Homer.
977 3701 1009 3756 11.
1019 3713 1054 3768 r,
1067 3704 1090 3756 6.
1105 3701 1194 3770 Copio-

691 3777 743 3830 sius
753 3797 812 3830 eam
829 3790 984 3847 exposuerat
998 3780 1089 3835 Boens
1106 3781 1132 3833 in
1143 3778 1194 3832 Or·

691 3855 859 3926 nithogonia,
873 3855 945 3909 uode
959 3877 1022 3911 enm
1038 3859 1135 3913 Athen.
1147 3856 1193 3919 lX,

691 3953 715 4002 p.
724 3933 821 4004 393,et
831 3933 929 3988 Anton.
941 3933 1032 3989 Liber.
1044 3935 1194 4003 xt'1,repe

691 4011 798 4065 tieruut.
810 4011 912 4081 Nempe
929 4011 1036 4080 OEnoe,
1048 4033 1128 4083 qnam
1140 4011 1195 4065 Eto-

691 4087 755 4142 tath.
767 4087 798 4141 ad
817 4089 929 4142 Homer.
949 4089 978 4144 11.
991 4101 1027 4156 Ψ,
1051 4094 1128 4158 1441,
1146 4089 1196 4144 Ge·

691 4184 775 4217 ranen
789 4177 878 4232 vocat,
892 4166 941 4218 luit
952 4168 1049 4236 regina
1063 4171 1194 4240 Pygmae-

691 4265 766 4308 rum,
780 4265 872 4313 quarn,
882 4265 965 4316 quum
973 4267 1000 4299 sc
1010 4245 1193 4317 pulchritudine

692 4324 797 4379 Deabus
810 4325 972 4391 anteferret,
987 4326 1067 4380 Jnuo
1080 4328 1106 4380 in
1120 4341 1192 4394 μετ’

690 4404 775 4457 vertit
783 4403 870 4458 Grues
879 4412 969 4457 antem
979 4406 1192 4459 multitudinem

690 4480 778 4535 invise
793 4480 930 4554 Pygmeis.
941 4482 1009 4537 Inde
1021 4488 1119 4537 bellan.
