2662 5092
177 742 220 829 aa
614 737 796 808 snmus

174 885 267 984 Argo
281 877 500 956 custodienda
518 898 605 954 esset
624 880 760 967 tradita,
778 878 869 952 hunc
882 877 1080 964 Mercurius,
1108 899 1246 957 namata

171 1005 266 1106 prius
283 1003 445 1105 Nympha
461 1001 600 1109 &ungis
615 1002 651 1075 in
668 1001 846 1076 arundinem
865 1002 1171 1090 transformatione,
1187 1032 1246 1076 oc-

142 1125 144 1129 ’
172 1127 269 1215 cidit,
280 1127 417 1226 ejusque
428 1124 546 1199 deinde
559 1125 642 1198 oculi
651 1153 670 1198 a
679 1127 702 1198 J
704 1152 815 1197 unone
828 1124 1016 1224 inpunonem
1028 1123 1140 1198 collati
1151 1143 1245 1199 sunt.

172 1252 260 1326 Turn
278 1253 338 1337 Io,
353 1251 485 1352 pu'stu'uu
497 1249 646 1324 mulieris
649 1248 760 1350 senune
774 1267 925 1349 recepta,
942 1249 1112 1350 Epaphum
1125 1250 1226 1349 parit.

223 1411 299 1484 Lm.
319 1410 368 1501 ΙΙ.Ι
381 1407 451 1505 Qui
464 1436 569 1508 quum
583 1404 762 1508 aliquando
775 1405 967 1480 Phaethonti
976 1405 1189 1507 Apollinem,
1204 1427 1247 1482 ut

176 1520 296 1607 falsum
311 1549 457 1633 patrem,
481 1530 679 1629 objecisset,
707 1528 762 1602 ille
786 1557 902 1603 currus
926 1527 1043 1602 solaris
1066 1530 1248 1630 imperium

176 1654 217 1728 ad
230 1653 318 1728 diem
330 1681 434 1727 unum
448 1669 587 1752 epatre,
602 1651 634 1723 in
649 1651 773 1751 pignus
788 1679 871 1724 verae
884 1651 1016 1752 stirpis,
1037 1651 1143 1751 petiit.
1160 1653 1245 1749 Quo

174 1777 373 1877 impetrato,
392 1791 479 1853 terra
500 1773 543 1846 ab
570 1801 610 1845 eo
638 1790 709 1845 tota
731 1773 937 1859 accenditur,
962 1791 995 1847 et
1017 1774 1104 1846 iuter
1128 1792 1248 1849 cetera

131 1906 135 1914 ’
175 1900 344 1999 nigrescunt
367 1894 552 1996 AEtdrbpes.
581 1895 826 1970 Phaethontem
852 1896 970 1970 deinde
999 1895 1137 1971 fulmine
1165 1925 1247 1998 per·

174 2048 307 2094 cussum
325 2018 405 2092 dum
421 2015 539 2113 lugent
552 2044 686 2103 sorores,
716 2035 750 2091 et
762 2046 829 2091 una
843 2036 1007 2113 cognatus
1025 2017 1162 2125 Cycnus,
1179 2019 1247 2094 illa

174 2145 210 2218 in
226 2145 365 2229 arbores,
381 2143 436 2216 hic
450 2143 486 2215 in
503 2170 625 2248 cycnum
638 2160 796 2216 mutatur.
813 2143 902 2216 Hinc
915 2144 1063 2243 Jupiter,
1080 2143 1245 2232 lustrato,

176 2285 215 2341 ut
232 2295 308 2341 eum
320 2265 463 2366 pristino
480 2265 588 2359 vigori
598 2266 803 2354 restitueret,
824 2284 985 2340 terrarum
1003 2266 1100 2354 orbe,
1114 2267 1150 2339 in
1167 2266 1250 2340 Cat-

172 2390 311 2464 lr'stouem
330 2387 471 2476 incidit,
498 2416 655 2488 eamque,
675 2406 782 2462 sumta
797 2389 913 2463 Diana
930 2388 1050 2476 forma,
1066 2391 1244 2490 stupravit.

173 2513 230 2588 Ob
248 2511 284 2585 id
300 2512 383 2585 irata
398 2513 489 2584 Juno
512 2509 728 2586 Callistonem
751 2512 784 2584 in
809 2541 910 2585 ursum
935 2512 1116 2601 convertit,
1142 2542 1245 2614 qnam

174 2655 294 2740 postea
316 2638 423 2714 Arcus
445 2636 535 2712 filius
559 2636 777 2712 transfixurus
792 2655 878 2725 erat,
895 2638 960 2711 nisi
976 2656 1156 2739 utrumque
1181 2641 1246 2713 Ju-

174 2762 263 2864 piter
272 2761 360 2834 inter
371 2759 472 2833 sideru
482 2758 660 2834 retulisset.
676 2763 754 2857 Qua
766 2760 848 2834 dere
861 2789 963 2861 quum
972 2762 1061 2862 apud
1073 2763 1244 2836 Oceanum

173 2901 356 2984 conquesta
372 2899 458 2959 esset
471 2884 581 2971 Juno,
599 2883 635 2954 in
654 2881 768 2956 calum
784 2881 888 2956 relata
908 2900 959 2957 est
980 2882 1129 2958 humeris
1146 2910 1247 2986 peno-

173 3036 244 3082 umn
259 3066 268 3094 ,
293 3006 350 3108 qui
369 3034 477 3106 nuper
492 3006 644 3106 uun'eguti
655 3006 803 3093 fuerant3
819 3007 905 3080 sicut
919 3024 952 3081 et
967 3035 1070 3081 corvus
1082 3035 1193 3108 nuper
1205 3036 1245 3081 ex

175 3131 246 3205 atto
261 3131 347 3230 niger
358 3146 428 3203 erat
438 3127 599 3215 redditus,
611 3157 714 3229 quum
729 3127 868 3203 comico
877 3130 1024 3217 monitis,
1033 3158 1106 3230 qua
1114 3128 1164 3203 illi
1174 3147 1245 3203 tum

175 3282 269 3328 snam
282 3253 318 3326 in
331 3251 512 3338 cornicem,
527 3267 598 3324 tum
619 3251 810 3357 Nyctimenen
824 3251 860 3324 in
875 3267 1014 3325 noctuam
1026 3252 1245 3326 mutationem

176 3375 374 3476 explicaret,
393 3403 462 3449 non
481 3373 765 3472 obtemperasset,
792 3401 906 3448 verum
932 3373 1095 3448 60me
1115 3373 1245 3448 adulte·

177 3499 264 3572 rium
277 3496 320 3570 ad
329 3496 523 3597 Apollinem
537 3495 720 3570 detulisset.
732 3495 815 3594 Ejus
824 3495 943 3571 deinde
952 3495 1023 3570 filio
1036 3495 1243 3598 AEsculapio,

175 3651 194 3697 e
207 3619 376 3695 Coronide
387 3638 530 3706 exsecto,
544 3619 618 3694 etin
628 3619 787 3693 Chironis
800 3638 932 3693 antrum
943 3619 1064 3707 delato,
1074 3618 1245 3727 Ocyrrdoe,

176 3743 335 3819 Chironis
351 3740 419 3816 filia
431 3741 586 3830 fatidica,
605 3741 684 3816 dum
697 3740 808 3816 futura
822 3743 988 3843 praedicit,
1002 3743 1159 3844 inaquam
1172 3764 1245 3816 ver-

175 3865 268 3940 titur.
283 3867 372 3940 Tum
385 3864 528 3952 Chiron,
544 3882 653 3965 pater,
668 3865 830 3965 Apollinis
843 3864 1001 3940 auxilium
1013 3865 1137 3938 frustra
1150 3864 1248 3938 invo-

176 3989 280 4077 cavit,
299 3987 392 4088 qnod
409 3985 466 4061 ille
484 3986 551 4085 jam
567 3988 603 4060 in
619 3985 716 4060 Elide
734 3990 851 4089 pastor
866 3989 975 4062 factus
994 3987 1085 4062 aliud
1112 4005 1247 4082 ageret,

173 4110 332 4207 neglectis
349 4111 448 4185 ctiam
462 4110 588 4184 bubus.
613 4109 652 4181 ld
669 4111 760 4210 quod
779 4112 947 4185 Mercurio
965 4111 1097 4185 furandi
1116 4139 1172 4185 eas
1188 4139 1249 4184 oc-

176 4235 344 4309 casionem
368 4232 478 4320 dedit,
506 4232 564 4331 qui
582 4231 701 4306 deinde
719 4235 853 4306 Buttmn
869 4236 914 4308 ob
932 4234 1058 4308 furtum
1076 4234 1250 4334 proditum

177 4359 213 4432 iu
225 4357 354 4432 indr'ccm
366 4355 511 4458 lapidem
524 4355 673 4427 mutavit.
693 4357 774 4430 Inde
790 4357 923 4431 avolans
936 4358 1068 4443 Hersen,
1087 4357 1250 4458 Cecropis

174 4481 275 4560 filiam
289 4539 298 4571 ,
314 4496 441 4583 spectat
453 4495 583 4585 ,eaque
597 4479 736 4578 potitur.
757 4481 820 4557 Cui
838 4482 917 4555 dum
941 4482 1067 4557 invidet
1084 4482 1250 4583 Aglauros
