2662 5092
275 726 814 794 METAMORPHOSEON
842 730 942 798 mn.
973 731 1043 798 vn
1125 731 1187 818 pn

134 897 152 928 u
173 865 318 960 Quaerite
335 894 442 952 nunc,
460 865 582 940 habeat
598 894 696 965 quam
713 882 827 938 nostra
842 868 998 967 superbia
1014 896 1166 945 causam:

135 1014 153 1044 >v
173 982 293 1055 Nescio
313 1009 445 1083 quoqne
464 983 581 1056 audete
598 998 699 1054 satam
716 979 873 1054 Titanida
891 982 972 1055 Coeo
1146 1008 1193 1062 rut.

136 1132 153 1162 »
173 1100 333 1174 Latonam
350 1100 501 1200 praelerre
516 1097 619 1184 mihi;
639 1096 692 1170 cui
708 1095 849 1169 maxima
865 1098 1030 1195 quondam

136 1247 153 1276 υ
173 1215 335 1310 Exiguam
353 1214 463 1287 sedem
480 1213 634 1313 pariturae
653 1229 737 1286 terra
754 1213 895 1308 negavit.

135 1363 153 1394 n
172 1333 241 1405 Nec
258 1331 357 1420 caelo,
372 1359 433 1405 nec
449 1331 573 1415 humo,
590 1357 650 1403 nec
664 1331 760 1430 aquis
774 1330 846 1403 Dea
858 1346 965 1403 nsua
977 1352 1109 1434 recepta
1125 1356 1192 1412 est:

136 1479 153 1510 »
173 1447 278 1520 Exsul
293 1466 363 1522 erat
377 1447 515 1534 mnndi;
534 1446 639 1520 donec
654 1446 808 1520 miserata
824 1449 1014 1541 uagantem,

136 1595 154 1626 n
174 1563 317 1663 Hospita
335 1580 372 1636 tu
390 1562 485 1636 terris
502 1590 609 1650 erras,
624 1591 708 1658 ego,
726 1560 827 1648 dixit,
845 1560 881 1632 in
899 1559 1016 1649 undis;
1147 1601 1196 1658 190

131 1746 245 1798 studiose
259 1746 433 1814 quesirerunt
448 1746 573 1812 Veteres,
585 1746 639 1799 AEl.
689 1744 753 1797 nihil
764 1743 1008 1798 habetsalehrosum
1019 1765 1026 1807 ς
1039 1753 1065 1797 at
1075 1747 1146 1814 quod
1153 1748 1197 1803 ha·

132 1822 167 1875 V.
182 1824 217 1876 ll.
227 1823 280 1878 Xll
290 1863 298 1889 ,
310 1824 358 1888 stu
371 1824 470 1878 Gellius
479 1825 513 1879 N.
523 1825 556 1878 A.
568 1825 637 1889 XX,
686 1823 764 1877 bebat
775 1823 815 1875 vir
823 1821 864 1875 Cl.
878 1825 987 1889 δώῃ,
1001 1825 1095 1877 Nescio
1104 1843 1198 1896 quoque

133 1919 146 1968 7
160 1920 167 1961 ;
185 1899 272 1952 schot.
284 1900 375 1970 Eurip.
387 1900 418 1954 ad
426 1902 520 1955 Phoen.
535 1902 597 1967 slis,
611 1914 639 1954 et
685 1903 775 1953 audete
783 1906 906 1968 geresam.
917 1919 993 1969 grave
1003 1900 1130 1955 mendum
1140 1916 1196 1967 est,·

130 1996 146 2028 e
158 1978 346 2032 recentioribus
362 1977 459 2049 Cuper.
476 1979 557 2033 obss.
577 1980 637 2045 lll,
687 1976 965 2043 hoc-emendavimus,
986 1977 1098 2032 Heinsio
1116 1982 1196 2038 fresi:

133 2074 156 2122 7.
170 2056 638 2127 NostersequutusestEurip.AEsclt.
686 2073 747 2108 raro
770 2054 877 2124 quidem
895 2056 1003 2124 ponitur
1024 2061 1050 2110 eo*
1071 2076 1119 2126 pse
1139 2073 1198 2129 post

132 2131 267 2201 Aristoph.
275 2133 380 2186 Lasium
391 2173 399 2200 ,
412 2136 456 2203 qui
463 2146 564 2204 septem
573 2134 639 2187 lilios
687 2137 852 2202 nescioquas.-
862 2142 949 2186 tamen
960 2152 1042 2202 quum
1049 2153 1104 2188 uno
1112 2147 1196 2191 tractu

131 2209 296 2279 totidemque
308 2212 372 2266 filias
384 2213 586 2266 Niobedabsnt.
596 2213 640 2265 stc
688 2210 789 2280 legatur
804 2217 889 2287 resero
903 2216 974 2279 qais,
997 2213 1069 2280 quasi
1082 2212 1198 2282 adjecti-

132 2300 160 2341 et
169 2287 304 2360 Hyginus,
317 2290 542 2360 Apollodorus,et
550 2289 640 2344 Scho-
688 2307 749 2354 vus,
768 2289 804 2343 nil
823 2289 907 2344 obstat
922 2292 1062 2360 quominus
1077 2293 1199 2348 admittat

131 2366 217 2421 liastes
242 2368 396 2439 Euripidis,
421 2390 435 2424 e
466 2369 640 2441 Cresphonte.
689 2376 746 2435 post
768 2372 824 2435 pus's
847 2367 888 2420 vel
908 2387 955 2437 quo
971 2369 1124 2438 particulam
1143 2390 1198 2440 pue.

133 2444 269 2500 Homerus
290 2467 346 2501 non
370 2449 419 2502 nisi
439 2468 483 2502 m
506 2450 641 2518 utrimque
689 2441 790 2511 Tunnq.
800 2441 894 2509 Faber,
907 2444 949 2497 cni
960 2457 1199 2515 suumraput,suu

132 2541 207 2577 sexus
215 2525 514 2590 numerat,Hesioduset
521 2525 642 2577 AElianus
686 2520 766 2575 libido
780 2531 833 2586 est,
848 2540 902 2574 non
916 2523 1006 2576 timuit
1018 2535 1120 2579 mutare
1135 2537 1196 2580 ter·-

132 2603 245 2657 omnino
264 2603 375 2673 viginti,
403 2603 556 2656 Herodotus
577 2603 642 2656 duos
688 2609 763 2666 tum,
776 2618 832 2653 non
844 2599 998 2668 infeliciter,
1012 2601 1057 2655 sed
1070 2603 1127 2657 sine
1135 2622 1198 2659 auc-

132 2682 217 2750 lilios,
232 2694 285 2738 tres
294 2683 367 2736 filias,
688 2678 792 2732 toritate
803 2719 811 2745 ,
823 2677 863 2732 his
876 2680 979 2734 verbis:
994 2682 1029 2733 ΕΙ
1036 2701 1102 2736 ruas
1112 2692 1198 2739 nescio

164 2763 217 2814 185.
225 2764 317 2814 Nescio
323 2780 417 2830 proque
422 2770 469 2812 eto
480 2758 640 2829 Cumsplen·
687 2774 735 2824 qno
744 2760 854 2822 genitam
872 2757 993 2807 Titanida
1006 2759 1197 2813 Caeolatoram

131 2836 193 2890 dida
214 2858 259 2891 sua
278 2839 384 2891 fortuna
402 2849 536 2907 comparat
556 2839 640 2892 mise·
682 2831 798 2899 11θρΛο
817 2835 898 2884 utili!
919 2832 969 2884 Ed·
981 2834 1088 2889 -Fuit
1108 2848 1197 2891 autent

131 2934 190 2969 ram
210 2916 317 2970 Latona
332 2927 445 2981 sortem,
466 2915 498 2969 de
512 2936 562 2985 qua
580 2917 641 2969 llo-
690 2911 1045 2980 Caeusuuuaex‘l'itauibus,
1058 2916 1132 2984 cujus
1144 2917 1198 2972 tilia

131 3013 198 3047 mer.
209 2994 233 3047 h.
246 2995 330 3064 Apoll.
347 3006 375 3049 et
387 2992 562 3048 Callimachus
571 2994 597 3047 lt.
611 2994 640 3047 in
688 2986 1038 3058 btouanovecompressa
1045 2992 1196 3060 Apollinem

132 3072 229 3144 Delph.
243 3072 590 3142 adeundi-Nescioquam
597 3093 641 3126 aa·
687 3064 765 3118 ⁸lm¹¹l
781 3076 808 3118 el
826 3065 942 3118 Dl²¹1²¹¹¹
959 3067 1086 3136 concepit·

131 3155 195 3204 dete.
211 3151 250 3203 lta
263 3151 317 3204 bec
332 3152 410 3204 rerba
419 3151 545 3205 Heinsius
557 3169 640 3203 cons·
723 3144 776 3198 186.
792 3146 843 3197 Cui
853 3149 989 3197 maxima...
1002 3153 1069 3198 terra
1081 3152 1197 3213 arpenn

132 3228 204 3283 tituit
227 3229 307 3282 ductu
327 3230 475 3283 Florentini
500 3230 594 3299 optimi
614 3238 641 3282 et
687 3221 1048 3290 Juwiurandoobtlrlmeral
1057 3224 1198 3276 1111100111-

132 3305 204 3358 tertii
216 3304 344 3370 llledicei,
357 3324 470 3374 quorum
482 3305 539 3370 ille,
550 3308 641 3358 Nescio
688 3321 736 3356 nes
754 3313 838 3356 terras
859 3323 894 3356 ne
913 3303 1070 3371 parturienti
1089 3303 1198 3358 Latona

131 3399 228 3450 quoque
253 3386 339 3433 audite
362 3389 463 3443 salam,
487 3382 529 3435 hie
548 3386 641 3435 Nescio
687 3380 775 3434 locum
788 3381 1072 3435 concederent:latuit
1082 3390 1138 3433 tum
1149 3385 1197 3436 sub

132 3478 229 3527 quoque
239 3461 328 3510 audete
335 3453 462 3525 penulam.
474 3458 570 3511 Scabra
581 3458 641 3510 satis
688 3461 761 3528 aquis
767 3460 848 3513 Delos
861 3459 961 3526 insula,
975 3480 1054 3529 quam
1062 3479 1197 3532 emergere

133 3549 197 3592 sunt
212 3538 289 3591 verba
304 3549 329 3590 et
341 3537 422 3600 dura;
435 3536 548 3589 ostendit
561 3537 640 3590 etiam
687 3539 762 3606 jussit
788 3540 927 3608 Neptunus
950 3549 977 3590 et
1000 3541 1086 3592 locum
1104 3550 1196 3609 partu-

133 3636 180 3686 que
192 3636 199 3668 t
212 3616 256 3668 sed
279 3615 383 3669 difficile
399 3627 437 3668 est
453 3655 460 3681 ,
482 3615 537 3666 sine
558 3614 640 3667 MSS.
688 3616 766 3669 rienti
777 3617 891 3685 prebere
907 3636 913 3669 :
931 3615 989 3668 vide
1000 3618 1068 3670 infra
1079 3638 1136 3688 qua
1149 3618 1196 3670 ad·

134 3695 289 3762 adjumento
312 3693 407 3763 aliquid
426 3692 519 3746 melius
541 3691 641 3745 substi-
688 3693 728 3746 dit
742 3695 835 3761 Gr'err'g.
853 3692 885 3746 de
902 3693 985 3746 insula
997 3694 1073 3748 Delo.
1087 3699 1136 3750 Ed.
1154 3696 1196 3748 De

134 3773 452 3843 tuere.Vulgatahabebat
463 3771 642 3838 Quoquemodo
688 3770 820 3824 erroribus
831 3771 938 3824 Latonoe
949 3774 1131 3841 parturientis,
1144 3773 1195 3825 vid.

132 3856 232 3903 audetis
241 3857 359 3919 gerulam.
373 3850 411 3902 Er
423 3846 641 3901 hocemendatio·
689 3851 801 3904 Homer.
821 3849 846 3904 h.
861 3851 946 3921 Apoll,
959 3854 1006 3921 30,
1029 3864 1056 3907 et
1075 3853 1108 3907 de
1127 3853 1196 3906 Delo

133 3947 167 3981 ne
178 3929 281 3982 Heinsii
289 3929 355 3980 ordo
364 3939 390 3980 et
399 3945 490 3980 sensus
498 3926 640 3978 verborum
688 3935 806 3982 materam
824 3937 970 3998 vagantem,
988 3950 1053 3984 vers.
1074 3932 1103 3984 (ir
1119 3950 1194 4000 sqq..

130 4007 154 4059 is
170 4018 209 4059 est
229 4026 235 4058 ε
255 4015 282 4058 e!
296 4012 386 4059 audete
409 4009 533 4058 Latonam
556 4007 640 4054 nescio
687 4018 714 4060 et
728 4006 829 4059 Gallim.
841 4006 866 4059 h.
880 4007 939 4060 Del.
952 4027 998 4060 201
1014 4012 1200 4078 ,qq.-Eml

124 4103 180 4153 ,quo
190 4083 387 4152 (contemptim)
396 4085 456 4135 Coeo
463 4078 640 4134 satam-Co
687 4086 777 4136 mundi
794 4083 885 4136 eadem
906 4086 1027 4156 syntaxi,
1051 4104 1103 4153 qua
1123 4088 1201 4137 exsul

132 4164 180 4216 der
200 4163 297 4230 Regius
312 4165 335 4215 Α
353 4164 431 4215 habet
453 4166 554 4229 Quoque
566 4161 639 4211 modo
687 4168 794 4223 meutr's,
811 4158 938 4230 sapritius
957 4169 1028 4230 regni
1050 4174 1114 4229 eto,
1134 4163 1195 4217 vida

131 4245 231 4294 audetis
247 4246 375 4306 genitam
390 4239 480 4292 Codex
493 4239 534 4304 B,
551 4242 640 4290 nescio
688 4240 778 4292 Burm.
791 4239 913 4293 Graviter
923 4246 1101 4304 ersulmundi,
1111 4261 1193 4312 quum

132 4339 227 4388 quoquo
237 4322 423 4370 uudetesalam.
437 4318 525 4370 Lectio
535 4314 638 4368 Codicis
687 4318 728 4371 alii
749 4328 852 4371 tantum
870 4319 924 4370 sint
940 4323 1041 4371 exsules
1055 4326 1150 4386 patrie.
1160 4346 1195 4358 -

134 4401 176 4464 A,
189 4418 246 4468 quse
259 4407 297 4451 est
311 4397 419 4466 vulgatas
429 4436 436 4462 ,
447 4395 515 4448 haud
525 4395 638 4447 multum
687 4399 743 4465 Ego
760 4401 788 4447 iu
804 4402 885 4449 uades.
899 4396 979 4450 Delos
992 4398 1055 4449 olim
1070 4399 1194 4451 instabilis

135 4479 230 4547 placet,
244 4479 288 4531 scd
302 4488 424 4531 recteest.
438 4475 527 4529 Codex
538 4476 639 4528 Buon-
688 4475 773 4540 (Stat.
787 4474 871 4543 Achil,
884 4474 912 4542 l,
926 4472 1011 4544 388),
1025 4487 1051 4528 et
1063 4495 1152 4529 errans
1166 4474 1193 4524 in
