2662 5092
236 696 301 766 DE
323 694 498 763 OPERE
528 692 1065 764 METAMORPHOSEON.
1140 699 1182 767 ad

139 835 225 934 Quod
235 835 320 907 idem
329 832 503 918 variatum,
517 833 602 920 Vll,
624 831 690 932 781
707 858 780 933 sqq.
794 832 949 921 Addell,
964 832 1032 906 861
1047 890 1057 921 ,
1073 833 1183 911 lusum

138 957 385 1060 Europaetlalsi
399 955 502 1044 tanri3
517 959 583 1044 Ill,
598 954 647 1028 66
660 985 746 1058 sqq..
755 974 939 1056 serpentem
952 958 1066 1033 Cadmi
1077 959 1184 1058 jaculo

138 1080 345 1168 volneratum
366 1079 433 1152 125
449 1108 544 1181 sqq,
561 1081 727 1156 Actaonis
738 1109 798 1182 per
814 1110 910 1156 canes
923 1080 1184 1171 dilaniationem,

139 1206 192 1292 Ν,
210 1204 300 1294 358,
328 1202 519 1280 Salmacidis
538 1221 572 1278 et
583 1203 856 1306 Hermaphroditi
874 1204 1005 1299 luctam.
1025 1206 1077 1281 lb.
1093 1205 1183 1300 480,

275 1375 436 1458 Tisiphone
449 1376 627 1439 madefactam
644 1377 781 1463 sanguine
796 1377 883 1438 sumit

201 1477 368 1558 lmportuna
383 1473 489 1549 lacem,
503 1474 649 1557 fluidoque
666 1496 768 1537 cruore
785 1474 933 1536 rubentem

201 1572 336 1632 induitur
351 1571 471 1654 pallam,
485 1583 621 1654 tortoque
636 1573 790 1659 incingitur
802 1594 916 1659 angue,

202 1670 413 1754 Fgreditnrque
426 1671 524 1731 donno.
544 1672 654 1732 linctus
670 1672 822 1733 comitatur
837 1684 952 1733 cuntem

202 1770 241 1829 Et
254 1769 365 1846 Pavor,
379 1782 409 1829 ct
424 1770 553 1846 Terror,
567 1770 736 1852 trepidoque
749 1771 860 1833 Insania
876 1772 968 1834 vultu.

136 1921 272 1997 lncessm
295 1923 416 2019 regina
441 1924 592 2025 superba
613 1925 824 2028 ejusdemque
838 1925 929 2002 irata
945 1922 1098 2011 mirifice,
1119 1924 1185 2009 Vl,

140 2043 218 2137 165,
234 2064 386 2121 notatus:

203 2220 279 2281 Ecce
293 2219 373 2281 venit
386 2219 523 2280 comitum
537 2218 633 2281 Niobe
648 2220 826 2299 celeberrima
839 2221 941 2298 turba,

203 2317 337 2379 Vestibus
350 2318 461 2379 intexto
476 2318 610 2404 Phrygiis
623 2320 782 2402 syedalilis
793 2342 883 2393 auro,

202 2418 262 2494 Et,
273 2417 461 2499 quantumin
474 2418 559 2494 sinit,
575 2416 717 2490 lormosa3
734 2439 909 2499 movensque
920 2417 1027 2480 decoro

208 2515 283 2576 Cum
294 2518 384 2600 capite
396 2517 537 2579 immissos
548 2517 697 2578 humerum
707 2537 759 2598 per
768 2528 923 2596 utrumqne
932 2516 1049 2597 capillos

210 2614 364 2677 Constitit:
378 2629 468 2697 utque
479 2615 580 2678 oculos
595 2615 769 2678 circumtulit
782 2615 836 2674 alta
849 2612 1008 2696 superbos,
1021 2624 1077 2674 etc.

131 2774 271 2871 Pugnam
285 2777 394 2851 Persei
408 2804 482 2851 oum
496 2775 606 2851 bellua
618 2775 761 2862 marina,
781 2777 849 2862 lV,
873 2799 964 2874 710,
987 2772 1190 2848 venationem

129 2898 196 2976 lerae
212 2901 402 2987 dicebam,
419 2902 505 2987 Vll,
530 2898 619 3000 755,
636 2916 671 2971 et
682 2897 754 3000 apri
768 2895 963 2999 calydonii,
980 2897 1085 2981 vlll,
1102 2889 1189 2992 329,

128 3026 197 3126 quis
213 3053 347 3102 narrare
365 3023 568 3121 ingeniosius
580 3024 710 3124 possit?
726 3021 845 3126 Byblis
856 3021 948 3096 fiatri
962 3021 1073 3095 literas
1085 3017 1191 3120 scrip-

128 3167 214 3238 tura,
231 3153 302 3238 lx,
317 3150 383 3223 521
403 3179 411 3224 :

201 3335 308 3394 Dextra
323 3342 402 3393 tenet
418 3330 540 3406 ferrum,
556 3350 671 3393 vacuam
686 3339 764 3390 tenet
777 3327 863 3389 altera
877 3347 977 3388 ceram.

206 3438 313 3521 incipit
327 3452 358 3500 et
371 3437 494 3510 dubitat3
513 3436 611 3499 scribit
625 3436 793 3517 damnatque
804 3432 939 3511 tabellaa3

206 3546 245 3607 Et
259 3558 342 3608 notat
357 3556 387 3606 et
400 3546 492 3617 delet3
509 3557 614 3620 mutat,
627 3544 797 3625 culpatque,
810 3540 985 3624 probatque,

206 3653 301 3733 lnqne
316 3653 407 3714 vicem
423 3665 528 3714 sumtas
543 3651 646 3734 ponit,
661 3649 824 3730 positasque
837 3647 964 3708 resumit.

134 3813 341 3914 Pygmalion,
360 3844 462 3917 quum
475 3831 615 3888 statuam
628 3840 720 3886 suam
733 3809 947 3898 absolvisset,
963 3812 1017 3898 X,
1036 3809 1106 3902 254
1121 3841 1128 3880 ε

210 3999 290 4082 Saepe
306 4019 405 4058 manus
423 3997 504 4080 operi
518 4006 658 4057 tentantes
672 3993 822 4071 admovet,
837 4016 872 4055 an
888 3993 926 4054 sit

214 4104 346 4188 Corpus,
359 4126 395 4164 an
412 4103 481 4164 illud
496 4102 567 4163 ebur
583 4121 590 4157 τ
607 4122 661 4163 nec
673 4101 745 4163 ebur
765 4112 858 4161 tamen
872 4120 933 4161 csse
950 4099 1063 4161 latetur.

218 4210 320 4273 Oscula
335 4212 401 4288 dat,
415 4209 551 4291 reddique
566 4221 668 4291 putat:
685 4207 870 4289 loquiturque
883 4221 1036 4288 tenetque,

215 4319 254 4379 Et
266 4318 374 4394 credit,
390 4318 471 4378 tactis
485 4315 590 4399 digitos
604 4315 725 4375 insidere
741 4313 892 4389 membris,

213 4426 249 4484 Et
266 4424 387 4498 metuit,
402 4444 515 4504 pressos
532 4422 626 4483 veniat
638 4442 674 4480 ne
690 4421 764 4480 livor
779 4420 810 4478 in
823 4432 911 4480 artus.
