2662 5092
186 702 252 770 526
467 702 506 768 e.
533 702 715 771 ovrou
742 682 975 772 nasonis

181 843 291 915 Morte
306 840 443 936 linguon
459 838 616 941 ultroque
633 858 753 914 vocant
765 840 930 916 venientia
946 841 1025 916 lata.
1201 867 1251 919 θυι

182 958 330 1056 Corpora
346 954 446 1028 missa
462 955 535 1029 neci
551 954 652 1029 nullis
667 956 708 1029 de
726 985 816 1031 more
833 956 991 1032 feruntur

179 1069 383 1157 Funeribus;
401 1096 508 1170 neque
528 1070 616 1144 euim
632 1070 806 1171 capiebant
822 1067 938 1145 sunera
954 1089 1089 1173 portae:

180 1188 251 1258 Aut
266 1184 436 1259 inhumata
448 1202 602 1286 premunt
620 1203 742 1274 terras;
762 1206 819 1262 aut
834 1188 958 1261 dantur
973 1186 1010 1260 in
1026 1186 1116 1261 altos

179 1302 333 1376 Indotata
350 1330 473 1397 rogos:
488 1319 521 1375 et
536 1302 601 1400 jam
619 1303 800 1376 reverentia
816 1301 907 1376 nulla
923 1318 995 1381 est;

180 1420 295 1519 Deque
312 1417 403 1512 rogis
418 1435 587 1517 pugnant3
603 1417 785 1519 alienisque
801 1418 938 1514 ignibus
952 1418 1082 1493 ardent.
1198 1445 1244 1496 σω

181 1535 252 1631 Qui
267 1533 466 1635 lacryment,
484 1533 621 1619 desunt,
639 1520 865 1636 iudelletaeque
883 1554 1050 1631 vagantur

179 1651 336 1723 Natarum
353 1667 559 1749 matrumque
577 1649 711 1736 animae,
727 1649 950 1748 juvenumque
967 1677 1178 1751 senumque:

180 1769 248 1840 Nee
265 1764 358 1838 locus
376 1764 411 1837 in
429 1763 596 1852 tumulos,
615 1793 675 1867 nee
692 1763 814 1837 sufficit
830 1764 932 1837 arbor
949 1764 984 1837 in
1003 1765 1122 1861 ignes(

231 1915 248 1946 o
271 1880 445 1953 Attonitus
464 1897 556 1954 tanto
574 1881 766 1954 miserarum
783 1881 915 1954 turbiue
933 1910 1068 1970 rerum,
1153 1936 1157 1943 -

182 2031 199 2061 «
218 1995 351 2096 Jupiter
368 2025 410 2083 o,
431 1995 519 2083 dixi,
540 1996 569 2070 si
587 2013 619 2069 te
636 2024 704 2069 non
722 1995 804 2071 salsa
819 1995 1008 2097 loquuntur
1193 2019 1237 2070 oto

179 2192 271 2258 diunt,
282 2191 352 2257 sive,
370 2190 550 2245 intercludunt
564 2191 687 2243 animam.
734 2191 767 2243 ba
784 2211 822 2261 pr.
836 2192 863 2244 in
875 2191 924 2244 bac
942 2211 979 2245 re.
1002 2191 1160 2255 Lucretius,
1175 2191 1236 2244 clicto

180 2273 301 2340 Plenius,
314 2271 340 2324 in
353 2271 409 2335 Ibi,
424 2274 486 2336 552,
500 2277 589 2322 aalma
600 2276 687 2338 laqueo
734 2269 806 2335 loeo,
827 2270 889 2340 rapti
902 2290 907 2321 :
923 2273 977 2322 Nec
989 2290 1045 2323 reos
1057 2275 1104 2323 llle
1116 2276 1235 2336 repellere

179 2358 216 2405 sll
224 2357 268 2404 vla
286 2353 376 2403 clausa
386 2357 441 2401 lue.
457 2349 492 2401 Et
503 2352 618 2401 claudere
629 2367 686 2400 om·
735 2352 909 2400 mnanelallrr
921 2351 994 2405 urle,
1014 2349 1052 2399 Ul
1057 2354 1133 2414 prius
1142 2352 1182 2400 lic
1188 2368 1233 2415 ps-

180 2428 246 2481 nino
256 2425 394 2495 impedire,
407 2435 437 2478 ut
449 2426 502 2490 Vl,
517 2430 571 2494 572·
583 2453 615 2464 -
622 2428 687 2478 Mor
728 2432 805 2495 pules
816 2435 1054 2494 sempcrcarssueral
1063 2431 1170 2479 humari.
1180 2431 1234 2480 Per-

178 2510 273 2573 lr'spue,
293 2514 342 2557 etc.
356 2504 456 2572 Argute
473 2522 479 2555 z
493 2503 582 2555 nediu
593 2503 686 2554 timore
733 2507 845 2556 turlalus
865 2507 930 2554 cusin
949 2510 1018 2554 lotus
1040 2507 1184 2571 lrepislalal
1192 2545 1199 2561 ‚
1213 2512 1236 2554 el

181 2583 273 2636 mortis
285 2593 338 2636 tam
351 2581 446 2635 odiose
457 2581 623 2645 crucientur,
639 2598 687 2631 re·
732 2602 798 2635 ursus
811 2584 919 2649 (lusuque
930 2600 1004 2633 suam
1010 2602 1061 2648 pra
1073 2602 1101 2635 re
1110 2590 1234 2635 consorte·

181 2670 260 2730 pente
274 2659 321 2713 sibi
336 2658 412 2711 aliam
429 2658 591 2711 consciscunt
609 2676 687 2708 mor-
732 2666 832 2711 moeslus
845 2660 1104 2712 tumulat-Auos
1116 2670 1195 2711 ornat
1206 2686 1233 2696 -

182 2749 244 2792 tem.
262 2736 377 2801 Plinius,
392 2736 440 2805 Ep.
455 2736 510 2800 Vl,
527 2753 577 2801 xx,
593 2738 638 2801 ιζ,
654 2735 686 2788 de
733 2738 867 2796 Indolala,
881 2736 936 2788 sine
946 2736 1124 2801 muneribus,
1137 2737 1234 2806 quein-

180 2813 303 2868 incendio
315 2814 422 2866 Vesuvii
435 2827 441 2861 t
456 2815 552 2874 Eranl,
572 2818 617 2880 pul
623 2821 688 2864 melu
733 2814 775 2882 jiei
791 2815 818 2866 in
831 2831 906 2882 rogos
919 2814 951 2866 ab
961 2814 1054 2868 amicis
1065 2815 1197 2878 solebant,
1207 2824 1230 2864 nt

180 2897 267 2946 mortu
278 2898 378 2944 morlens
390 2897 556 2956 precarentur.
574 2890 687 2943 Mirifice
734 2903 803 2945 recte
815 2893 885 2962 cepit
899 2892 1008 2962 Regius.

181 2971 232 3024 boc
243 2986 353 3023 acumen
365 2966 516 3020 Scbiracbio
524 2966 629 3036 placuit,
642 2968 686 3035 qui
766 2969 822 3022 bro.
842 2971 929 3037 Deque
946 2974 1017 3036 rapis
1032 2976 1168 3037 paparum·
1187 2976 1229 3018 etc.

180 3066 285 3101 summa
295 3046 331 3099 sie
339 3043 452 3097 efficacia
464 3043 549 3096 morbi
561 3044 687 3096 cruciatus
733 3046 868 3099 Lucretius
878 3085 886 3111 ,
895 3046 955 3098 ibid.
969 3047 1035 3098 1280
1048 3048 1188 3113 :Mullapsr
1196 3050 1232 3095 ιιι

181 3128 263 3196 pictos
278 3143 333 3179 esse
351 3133 451 3175 mouet.
464 3149 498 3160 —
512 3123 612 3174 Preter
624 3122 686 3174 illud
732 3132 816 3180 sulita
835 3136 861 3179 el
875 3135 1014 3193 paupertas
1035 3131 1140 3181 horrr'la
1154 3131 1233 3179 emat.

181 3205 260 3260 Plinii
275 3202 441 3272 exemplum,
464 3200 535 3269 quod
554 3200 639 3253 attulit
655 3200 686 3253 cl.
733 3208 845 3272 Namque
861 3222 920 3255 suus
937 3211 1141 3270 consanguineos
1157 3207 1233 3255 alim

182 3287 281 3351 Ge'err'p,
296 3282 349 3335 cluo
361 3291 454 3333 caetera
463 3290 598 3348 petemus,
616 3279 686 3346 prius
731 3284 1234 3349 raporumlrrsuperrirslruclaiagenllcla·

180 3364 212 3416 ab
225 3361 358 3426 Martiali,
375 3360 402 3414 ll
417 3400 423 3427 ,
443 3359 532 3428 Epigr.
544 3360 576 3410 80
591 3378 597 3409 :
612 3361 680 3419 Hic,
732 3380 798 3413 more
808 3363 939 3419 locabarel,
953 3359 1232 3429 Subdelaulpuasacrs.

177 3459 253 3507 rapo.
278 3460 328 3492 ruore
339 3438 416 3505 srsror
430 3443 488 3496 erl,
510 3455 542 3487 ne
556 3439 680 3496 narrare,
731 3442 808 3490 mullo
822 3457 878 3490 cum
891 3442 1016 3502 saepsere
1030 3456 1101 3505 sepe
1119 3441 1234 3490 Rr'xaules

178 3522 262 3572 arari?
277 3517 388 3570 alterum
398 3536 413 3568 a
424 3515 513 3578 Floro,
527 3513 569 3577 ll,
586 3534 613 3566 ra
623 3532 630 3565 :
641 3533 685 3566 cu·
726 3519 827 3579 polsiss,
848 3533 922 3582 quam
942 3532 1047 3578 corpora
1069 3519 1234 3568 desererentur.

173 3598 301 3667 juslaula
312 3592 511 3662 lrepldale'osur'l,
519 3600 548 3645 ul
553 3600 685 3660 pecuniam
733 3591 842 3644 Umbrae
856 3591 929 3658 justis
945 3590 1112 3646 defraudatae
1124 3610 1177 3645 non
1188 3610 1235 3661 po-

178 3695 273 3729 omuem
283 3678 310 3726 ιἰι
316 3675 588 3742 marepissserr'lmerpl,
604 3691 685 3738 nepe-
732 3680 818 3722 terant
830 3668 910 3740 Styga
923 3669 1055 3735 transire,
1079 3671 1126 3723 sed
1142 3669 1191 3723 buc
1201 3669 1235 3720 il-

178 3760 238 3807 rt'rel
242 3773 251 3821 ,¹
263 3759 370 3807 classem
380 3757 487 3806 cremari
491 3793 497 3813 ,
518 3772 549 3804 ua
561 3755 684 3804 circeredu-
730 3749 803 3802 lucre
816 3753 987 3815 vapulantur,
1001 3749 1136 3802 errabant
1147 3750 1234 3801 —b'cc

178 3838 250 3884 relur.
263 3830 311 3883 Ecl.
319 3857 352 3871 -
363 3834 459 3883 Vocare
467 3830 525 3898 quis
536 3828 631 3890 dicitur
639 3849 682 3893 ea,
730 3829 801 3878 locus
812 3836 860 3878 etc.
878 3825 961 3877 Nimis
976 3825 1049 3877 auxit
1061 3845 1129 3879 rem.

177 3926 236 3976 quae
250 3908 380 3962 accelerat.
399 3908 470 3960 Huic
481 3908 548 3960 bene
561 3907 683 3960 convenit
763 3904 819 3955 615.
831 3903 981 3956 Sr'solemne
991 3903 1019 3955 in
1029 3902 1237 3971 precibus-Sul

176 3991 314 4045 murenula.
336 3986 406 4054 quod
422 3985 590 4039 Burmannus
606 3985 682 4038 illus-
729 3987 860 4049 amplexus
877 3987 933 4043 ire,
952 3984 1143 4037 concumbere.
1159 3980 1237 4034 Valde

177 4071 229 4115 teat
249 4083 255 4116 ε
277 4065 396 4127 Persius,
417 4062 475 4129 ΙΙΙ,
498 4064 546 4129 64,
570 4067 687 4116 Veru'enll
731 4072 819 4114 autem
838 4061 880 4113 bic
894 4060 997 4113 variam
1017 4062 1147 4115 lectiones
1162 4059 1237 4113 MSS.

173 4145 400 4194 occurrerersorlo.
730 4141 961 4195 etemenclationes
969 4141 1160 4209 interpretum
1167 4139 1239 4193 Schi-

208 4217 265 4284 807.
279 4221 427 4274 Funeribus.
442 4219 584 4287 exsequiis,
598 4238 681 4288 pom·
729 4220 1054 4290 rachiusputat,Ovidium
1062 4223 1150 4291 ipsum
1157 4223 1239 4291 plures

175 4294 214 4363 pis
235 4296 394 4349 funebribus.
415 4299 470 4350 Has
488 4317 542 4350 non
558 4304 684 4364 cepissent
729 4299 836 4365 juxtase
850 4297 960 4366 posuisse
975 4297 1144 4365 locutiones,
1161 4299 1240 4366 equi·
1307 4319 1313 4322 ·

175 4382 275 4440 portu
295 4371 335 4424 bae
352 4392 407 4425 non
428 4377 572 4442 potuissent
588 4393 680 4428 omues
728 4377 776 4429 bus
786 4386 873 4445 postea
886 4374 993 4439 eligeret
1005 4378 1146 4444 optimam.
1162 4376 1239 4429 blari-

175 4468 223 4517 per
234 4458 320 4518 portas
328 4451 405 4502 exire.
419 4452 679 4519 Ferrietesserrr'vcr·
728 4473 771 4506 me
784 4453 866 4522 placet
882 4451 953 4520 quod
970 4452 1092 4507 Marian.
1105 4457 1236 4509 Accurst
