2662 5092
141 736 183 801 32
245 733 487 803 PRAEFATIO
511 734 573 803 DE
603 734 750 803 OPERE
773 731 1085 805 METAMORPH.

139 877 206 962 111,
227 872 318 975 675,
332 873 483 975 delphinis
495 902 635 975 squamas
646 875 1043 976 tribuit-Repetiticucm
1055 876 1202 976 ejusdem

138 996 231 1070 serbi
248 1014 307 1070 aut
320 996 521 1087 hemistichii
538 1015 596 1072 aut
619 998 741 1093 integri
766 1025 878 1071 versus
900 998 990 1071 vario
1014 998 1117 1072 modo
1142 1000 1204 1072 ad-

125 1119 246 1217 sedat,
261 1147 451 1219 quanquam
462 1120 498 1191 in
509 1147 549 1193 eo
559 1119 726 1193 interdum
735 1120 784 1192 vis
797 1118 907 1219 aliqua
917 1119 1088 1193 autvirtus
1098 1121 1198 1195 inest

144 1283 182 1294 -
204 1242 237 1329 I,
255 1238 302 1312 33
319 1242 450 1325 :secuit,
471 1256 647 1341 sectamque.
664 1242 758 1314 Vers.
781 1242 845 1333 142
861 1241 1083 1341 :prodieraat;
1096 1242 1204 1342 prudit

139 1362 264 1439 bellum,
290 1363 385 1435 Vers.
413 1362 478 1433 158
502 1392 510 1436 :
533 1363 691 1436 incaluisse
711 1363 837 1456 seruat,
866 1362 1063 1463 calidumque.
1104 1365 1198 1439 Vera.

140 1485 210 1557 206
221 1514 293 1586 sqq.
312 1489 677 1587 :compressit—pressus.
693 1488 787 1560 Veis.
805 1484 875 1579 642
891 1486 1032 1562 :Naides
1040 1488 1196 1587 inrorat,

138 1607 261 1706 &aurat
275 1623 306 1681 et
319 1607 458 1682 Inachus
473 1609 546 1709 ipse.
563 1611 657 1682 Vers.
679 1606 750 1700 643
764 1638 772 1680 :
786 1623 906 1708 patrem
926 1609 1074 1708 sequitur,
1099 1610 1201 1708 sequi·

136 1745 242 1830 turque
263 1757 389 1804 sorores.
418 1773 457 1786 -
479 1734 535 1819 ll,
554 1729 624 1831 399
642 1761 650 1803 :
665 1731 751 1804 sarit
765 1761 776 1803 .·
790 1729 886 1804 Sacit
903 1730 990 1803 cuba.
1008 1773 1049 1787 -
1065 1731 1108 1818 V,
1133 1731 1198 1803 15:

137 1851 292 1926 deseruere
304 1853 354 1925 sui
366 1851 527 1957 Nsmpboe
541 1853 645 1926 uineta
660 1851 695 1925 T
683 1853 801 1958 paul,
821 1853 992 1926 Deseruere
1006 1879 1078 1926 suas
1093 1854 1199 1958 Nym-

131 1974 208 2074 pboe
224 1973 402 2047 Pactolides
425 1974 533 2048 undas,
562 2017 602 2031 -
624 1975 692 2060 vl,
720 1975 820 2074 419:
847 1972 987 2075 Quaque
1012 1975 1101 2048 urbes
1127 1975 1199 2047 alia

137 2097 248 2169 bimari
256 2095 441 2169 clauduntur
452 2096 493 2168 ab
508 2095 646 2181 Isthmo,
679 2095 887 2196 Eatenusque
900 2097 970 2170 sita
984 2096 1097 2169 binari
1110 2123 1198 2198 spec·

137 2234 242 2291 tantur
255 2218 296 2291 ab
312 2216 442 2291 Isthmo.
455 2259 494 2272 -
507 2219 605 2304 Vlll,
623 2215 694 2289 628
709 2248 718 2291 ε
736 2218 830 2291 Mille
844 2216 950 2292 dcraos
963 2217 1080 2304 adiu,
1096 2217 1197 2290 locun

138 2342 323 2442 requiemque
336 2356 471 2441 petentes
488 2371 496 2414 :
513 2341 608 2414 Mille
626 2341 731 2414 domm
746 2343 879 2415 clausere
890 2368 977 2414 sera.
995 2382 1033 2397 —
1050 2342 1082 2427 l,
1100 2337 1196 2414 325:

137 2466 187 2539 Et
199 2494 350 2567 superesse
365 2465 451 2539 uidet
465 2465 504 2539 de
520 2480 566 2537 tat
577 2463 668 2538 moda
681 2466 815 2539 mtt‘tus
830 2494 944 2550 uuura,
980 2464 1027 2537 Et
1042 2491 1197 2563 superesse

134 2588 220 2662 ardet
233 2588 271 2662 de
283 2604 329 2662 tot
338 2588 428 2663 ruodo
444 2589 577 2663 suillibus
591 2617 692 2662 uuaru.
708 2631 747 2644 —
761 2590 820 2676 lv,
839 2587 926 2677 306,
944 2615 968 2688 9
982 2619 990 2661 ε

217 2739 356 2816 Salmaci,
375 2739 421 2801 vel
436 2739 578 2821 jaculum,
596 2738 642 2800 vel
655 2738 743 2820 pictas
762 2736 1014 2820 sumepburctras3

215 2846 255 2905 Et
264 2857 313 2905 tua
323 2864 387 2905 cum
399 2842 476 2905 duris
490 2843 636 2908 venatibus
648 2845 706 2904 otia
717 2843 813 2904 misce.

214 2953 276 3012 Nec
288 2952 409 3033 jaculum
421 2952 525 3024 sumit,
544 2973 597 3013 uec
613 2953 703 3034 pictas
715 2951 762 3012 itta
772 2951 914 3035 pharetras
925 2972 935 3025 ;

212 3057 275 3118 Nec
288 3078 338 3117 sua
349 3079 414 3119 cum
427 3055 505 3117 duris
516 3055 663 3119 venatibus
675 3056 733 3118 otia
744 3054 851 3118 miscet.

133 3189 173 3260 In
192 3216 259 3288 quo
273 3205 443 3288 postremo
454 3186 635 3287 plurimum
647 3165 699 3261 est
711 3168 900 3275 suavitatis,
917 3158 1197 3287 quemadmodum

130 3310 167 3382 in
182 3308 391 3384 antecedente
407 3338 526 3406 magna
534 3309 594 3383 vis.
602 3311 740 3384 -Nova
756 3309 854 3383 etiam
866 3288 1027 3383 rutabula
1044 3289 1201 3415 quadam.

132 3431 247 3505 fecisse
263 3431 408 3522 ridetur,
424 3451 465 3507 ut
480 3431 666 3518 dubitabile,
684 3431 871 3534 jaculabile,
894 3431 1025 3517 crinale,
1044 3431 1190 3531 omuffcr,

132 3553 301 3641 remollirc,
323 3573 383 3630 etc.

179 3677 232 3750 Ex
243 3676 297 3750 his
311 3677 413 3774 igitur
424 3695 577 3780 apparet,
594 3677 763 3773 egregium
775 3676 840 3749 hoc
853 3704 923 3750 esse
935 3674 1194 3777 Metamorpho-

131 3788 212 3873 seori
237 3827 378 3900 corpus,
407 3801 507 3874 navis
537 3790 738 3902 quibusdam
768 3799 925 3899 dispersis
954 3798 1192 3900 deturpatum,

130 3948 254 4022 eosque
269 3921 391 4023 partim
408 3951 448 3996 ex
464 3922 588 4019 ingenii
606 3922 728 4009 abusu,
748 3920 868 4020 partim
881 3948 921 3997 ex
933 3919 1105 4010 facilitate,
1127 3947 1194 4019 qua

130 4042 198 4118 haec
215 4063 308 4131 nata,
327 4045 469 4120 fluxisse.

540 4302 768 4326 ‘nn-mn.
