2662 5092
396 786 926 858 Mnranoaenosnou.
1153 789 1197 882 ,37

122 929 232 1005 elusa
243 931 278 1002 in
289 930 406 1016 lnh'ces,
422 931 527 1038 Lyaei
538 930 681 1033 denique
693 935 781 1029 regis
791 935 826 1007 in
837 934 927 1040 Ιχηια
938 931 1199 1018 mutationibus,

124 1067 232 1151 atque
250 1049 433 1149 Triptolemi
445 1049 645 1144 agricultura
665 1051 753 1124 inter
774 1079 808 1124 se
826 1067 1035 1123 certaverant.
1057 1040 1067 1049 ’

178 1182 258 1253 Ln.
276 1179 336 1252 Vl.
356 1180 436 1275 Quo
451 1178 604 1282 exemplo
619 1197 710 1255 mota
728 1179 836 1255 Pallas
854 1181 895 1254 de
912 1179 1076 1254 Arachnes
1096 1177 1199 1253 exitio

128 1295 300 1392 cogitavit.
320 1298 438 1397 Itaque
448 1296 533 1370 inito
543 1325 618 1370 cum
628 1326 664 1371 ea
675 1298 806 1373 texendi
818 1297 1011 1385 certamine,
1023 1307 1201 1397 postquam

128 1412 308 1513 utriusque
328 1412 391 1486 tela
406 1414 513 1486 varias
529 1413 804 1513 transfimaetrhnes
818 1411 1079 1513 repraesentavit,
1094 1411 1201 1510 ipsam

128 1527 168 1600 in
184 1554 329 1600 maneam
353 1527 503 1600 mutavit.
527 1530 644 1629 Neque
663 1545 772 1602 tamen
785 1527 890 1602 Niobe
909 1523 1082 1628 popularis
1103 1524 1205 1623 hujus

128 1668 233 1743 poena
246 1640 417 1715 admonita
434 1659 499 1730 est,
519 1671 587 1743 quo
604 1643 715 1717 minus
732 1672 766 1718 se
784 1645 921 1718 Latonae
937 1641 1106 1745 praeferret
1120 1670 1128 1728 ;
1158 1641 1204 1714 ob

131 1787 236 1859 quarn
250 1758 427 1846 ferociam,
445 1757 627 1833 intersectis
645 1759 687 1832 ab
711 1758 870 1860 Apolline
900 1774 934 1833 et
952 1757 1061 1831 Diana
1088 1755 1205 1830 liberis

130 1875 209 1974 ejus
227 1872 402 1961 omnibus,
421 1873 457 1945 in
470 1901 582 1947 saxum
601 1874 772 1948 obduruit.
799 1877 879 1972 Quo
897 1873 1032 1976 quidem
1049 1874 1204 1968 cognito,

129 2015 229 2061 unus
241 2017 259 2061 e
272 1987 371 2084 vulgo
386 1988 499 2096 lysios
512 1990 636 2063 nesticos
648 1991 684 2063 in
698 2018 788 2064 ranas
803 2020 822 2065 a
835 1993 966 2065 Latona
977 2018 1106 2076 versos,
1123 1987 1207 2062 alter

131 2103 302 2208 Marenen
314 2104 356 2178 ab
370 2104 528 2207 Apolline
546 2107 748 2181 excoriatum
766 2107 802 2179 in
820 2107 1013 2181 memoriam
1026 2105 1202 2180 revocavit.

130 2221 272 2295 Nioben
298 2219 392 2317 luget
414 2222 552 2323 Pelops,
579 2223 632 2297 cui
648 2222 806 2297 humems
823 2222 989 2298 eburneus
1006 2222 1103 2297 datus
1121 2239 1201 2296 erat.

132 2336 262 2412 Sed-ad
276 2336 498 2412 consolandos
512 2338 694 2413 Thebanos
710 2339 846 2413 urbium
867 2339 1082 2413 finitimarum
1105 2337 1205 2432 legati

136 2471 375 2528 convenerunt.
389 2453 460 2527 Soli
472 2453 606 2528 deerant
616 2455 848 2542 Athenienses,
861 2453 1206 2554 quoniamabarbaris

139 2569 328 2663 agminibus
344 2569 605 2659 infestabantur,
625 2599 711 2671 quos
731 2571 847 2643 Tereus
858 2570 960 2658 ludit,
980 2570 1033 2644 cui
1049 2570 1204 2644 Pandion

136 2687 283 2761 Procnen
298 2688 332 2761 in
348 2688 597 2762 matrimonium
617 2687 718 2760 dedit.
741 2689 775 2759 Is
796 2684 861 2758 alio
881 2704 1028 2786 tempore
1055 2687 1205 2761 Athenas

132 2833 308 2891 reversus,
327 2833 431 2905 quum
447 2802 674 2888 Philomelam,
693 2801 809 2876 uxoris
824 2830 996 2890 sororem,
1017 2831 1128 2876 secum
1144 2803 1203 2878 ab·

135 2920 304 3008 duxisset,
323 2948 361 2993 ea
379 2936 553 3019 stuprata,
571 2917 710 3018 aliisque
727 2918 933 2992 facinoribus
944 2920 1157 3019 perpetratis,
1169 2919 1206 2993 in

132 3066 273 3139 raptrpam
293 3054 345 3112 est
360 3036 637 3122 transformatus,
664 3035 942 3135 quemadmodum
966 3035 1142 3109 Philomela
1168 3038 1204 3111 in

134 3155 316 3239 &natm
345 3152 465 3228 Procne
479 3153 515 3225 in
528 3151 728 3226 hirundinem.
748 3155 833 3250 Qnae
850 3182 903 3227 res
919 3148 1084 3227 Pandioni
1107 3155 1204 3229 intel-

137 3269 224 3344 lecta
240 3286 382 3343 mortem
399 3266 522 3342 attulit.
541 3269 630 3342 Huic
647 3269 682 3341 in
698 3298 803 3363 regno
816 3270 975 3342 successit
990 3269 1201 3359 Erechtheus,

140 3386 237 3483 cnjus
257 3384 361 3459 filiam
381 3384 553 3491 Ontlfiam
571 3385 696 3459 boreas
713 3384 842 3485 rapuit,
860 3401 959 3485 atque
976 3414 1016 3460 ex
1031 3388 1124 3489 rapta
1142 3373 1206 3462 Ce-

142 3499 208 3572 leia
222 3501 407 3602 procreavit
423 3518 456 3575 et
471 3499 609 3585 Zethen,
640 3501 699 3600 qui
724 3502 760 3572 in
776 3503 1047 3595 Argonautarum
1067 3532 1206 3578 numero

145 3614 300 3707 suerunt,
320 3646 424 3718 quum

193 3752 269 3823 Lln.
286 3752 369 3836 Vll,
383 3749 501 3835 Juson,
523 3750 619 3825 victis
631 3750 757 3823 Medeae
770 3749 893 3823 auxilio
910 3752 1012 3825 muris
1026 3753 1136 3848 ignem
1148 3782 1208 3827 vo·

139 3864 330 3952 mentibus,
349 3867 518 3941 seminatis
535 3869 698 3968 serpentis
713 3865 873 3953 denu'bus,
902 3896 919 3941 e
936 3867 1061 3969 quibus
1076 3867 1209 3941 domines

139 3982 256 4053 armati
262 3981 470 4082 prodiemnt,
485 4001 518 4058 et
535 3983 677 4057 dracone
693 3983 817 4084 sopito,
831 3984 932 4057 velles
946 4012 1069 4058 aureum
1082 3983 1206 4058 retulit.

141 4096 283 4188 Medea,
307 4099 466 4172 lasonem
484 4098 519 4170 in
550 4098 709 4171 Graeciam
725 4099 900 4187 comitata,
927 4098 1211 4173 AEsonr'medica-

141 4230 333 4287 mentorum
362 4242 425 4315 ope
448 4214 653 4312 juventutem
677 4213 842 4303 reddidit,
870 4213 1082 4314 eamdemque
1112 4211 1212 4286 Peliae

142 4327 316 4430 pollicita,
333 4331 505 4431 praemisso
524 4330 625 4403 aneas
640 4330 675 4402 in
690 4359 802 4431 qoam
823 4329 990 4404 reformati
1012 4327 1211 4430 specimine,

145 4444 226 4518 dolo
245 4473 323 4520 eum
341 4445 472 4519 occidit.
494 4445 576 4519 Inde
589 4474 649 4546 per
660 4447 748 4521 varia
761 4446 833 4520 loca
845 4448 947 4519 raalai·
961 4443 1105 4538 insignia
1117 4456 1216 4514 trous-

132 4561 377 4660 fimuotiouibus
390 4561 512 4655 delata,
528 4579 608 4664 post
623 4563 748 4638 occisos
761 4560 1012 4672 liberosAEgeo
1024 4559 1143 4661 nupsit
1154 4557 1217 4632 sub
