2662 5092
314 713 823 784 METAMORPHOSEON
846 719 943 786 LIB.
973 721 1024 787 ΙΙ.

1143 699 1205 815 ι39

153 854 296 955 AEquora
313 856 456 944 caelarat,
473 855 598 930 medias
614 857 778 953 cingentia
795 875 913 946 terras,

152 972 386 1072 Terrarumque
405 973 538 1060 orbem,
555 971 754 1074 celumque,
774 974 864 1074 quod
880 975 1029 1050 imminet
1043 978 1128 1053 orbi.

148 1087 312 1161 Caeruleos
327 1088 429 1162 babet
447 1087 538 1161 unda
553 1089 658 1175 Deos3
676 1091 814 1163 Tritona
829 1117 1001 1178 canorum,

144 1202 331 1303 Proteaque
347 1203 557 1297 ambiguum,
573 1202 839 1303 balenammque
855 1220 1055 1305 prementem

143 1319 304 1413 AEgaeona
321 1319 391 1391 suis
406 1318 560 1393 immania
577 1336 668 1415 terga
685 1318 830 1407 lacertis,
1174 1357 1202 1392 ιο

140 1431 357 1533 Doridaque,
374 1450 407 1505 et
422 1449 515 1506 natas
532 1463 540 1506 :
560 1463 699 1535 quarum
714 1464 790 1535 pars
807 1463 884 1510 nare
898 1435 1065 1527 videntur,

140 1549 225 1624 Pars
241 1548 277 1621 in
291 1546 378 1621 mole
395 1546 513 1622 sedens
530 1549 651 1624 virides
668 1551 789 1626 siccare
807 1551 946 1652 capillos
959 1581 968 1641 ;

140 1665 239 1738 Pisce
255 1662 330 1737 vehi
346 1662 494 1763 quadam
512 1693 520 1737 :
538 1663 637 1739 facies
652 1695 723 1739 non
741 1667 896 1742 omnibus
912 1697 997 1756 una,

138 1780 212 1853 Nec
229 1777 354 1852 diversa
372 1794 499 1864 tamem
518 1779 646 1878 qualem
664 1781 757 1856 decet
773 1812 843 1857 esse
861 1813 1021 1858 sororum.

138 1895 247 1966 Terra
260 1892 365 1980 viros,
382 1893 549 1993 urbesque
565 1895 668 1990 gerit,
688 1895 865 1998 silvasque,
884 1899 1051 2000 serasque,
1175 1922 1203 1974 ιε
1249 1960 1268 1993 s

175 2048 201 2100 6.
212 2049 323 2116 &aare
331 2051 440 2102 uteru.
453 2048 517 2100 Jam
532 2059 651 2102 recenset

138 2137 332 2196 argumentum
339 2127 444 2181 illorum
455 2128 649 2183 emblematum.

699 2051 764 2118 565,
789 2071 851 2106 eum
868 2052 974 2107 ridetur
990 2054 1061 2107 inter
1079 2053 1203 2123 Gigantas

697 2130 822 2184 retulisse.
839 2133 952 2184 Premm
969 2131 1080 2185 omnino
1094 2130 1202 2200 quidem

139 2204 246 2260 Omnia
257 2204 354 2275 repleta
364 2216 440 2258 erant
451 2205 633 2259 animantibus.
697 2219 735 2261 est
745 2207 858 2262 insidere
870 2230 876 2272 ς
887 2208 933 2262 sed
944 2229 1033 2277 nunc,
1045 2209 1089 2262 ubi
1100 2213 1201 2264 lacertis

174 2303 197 2352 7.
212 2284 404 2348 Quodinrm'net
410 2286 470 2334 orbi.
482 2283 597 2335 Nomine
606 2303 649 2336 or-
698 2285 818 2352 additur,
832 2286 922 2339 malim
932 2287 964 2339 ad
976 2286 1094 2341 habitum
1105 2287 1202 2341 anima·

138 2360 188 2426 bia,
197 2359 310 2428 bieeape
322 2370 535 2426 aerem,terram‚
544 2379 647 2430 aquam,
696 2361 762 2416 libus
768 2363 938 2417 insidentium
945 2365 1051 2424 referre,
1064 2382 1147 2432 quum
1154 2363 1202 2415 de-

140 2456 257 2508 quorum
268 2437 340 2491 velut
352 2447 452 2490 tectum
466 2437 598 2506 quoddam
609 2449 648 2494 est
697 2440 780 2493 missis
786 2440 896 2494 brachiis
903 2451 1073 2510 tergaeorum
1082 2450 1201 2510 tangunt,

140 2514 245 2569 celum.
256 2516 305 2568 Ed.
698 2529 727 2571 ut
739 2520 806 2572 infra
823 2519 872 2586 874
889 2518 996 2588 Europa
1007 2518 1115 2571 dorsum
1128 2520 1203 2571 taum

176 2594 202 2647 8·
229 2593 329 2644 Τηΐου
352 2610 488 2657 cuorum,
512 2602 550 2645 est
575 2592 648 2644 enim
733 2620 770 2651 ιι.
786 2601 880 2664 Doris,
902 2598 955 2651 filia
967 2597 1086 2664 Oceani,
1106 2599 1202 2666 conjux

140 2670 250 2724 tubicen
263 2669 376 2739 Neptuni
389 2689 396 2721 :
408 2667 467 2722 vide
480 2668 511 2723 ad
526 2671 554 2735 l,
567 2670 623 2723 333.
697 2676 792 2743 Nerei,
805 2686 890 2728 mater
906 2675 1094 2744 quinquaginta
1110 2675 1200 2746 Nym-

171 2769 198 2822 9.
209 2750 500 2816 huteqeeanrle'ruum.
508 2747 549 2800 De
557 2751 648 2799 Proteo
696 2752 808 2824 pharum
818 2793 826 2820 ‚
839 2771 898 2823 que
909 2772 923 2805 a
935 2763 1008 2822 patre
1020 2751 1146 2805 Nereides
1155 2750 1202 2804 di-

136 2830 210 2884 locus
225 2827 320 2882 classic
333 2837 372 2880 est
385 2827 458 2897 Virg.
474 2826 571 2896 Georg.
588 2826 646 2892 IV.
696 2844 806 2888 cuntur:
815 2831 1031 2902 HesiodTlreog.
1043 2829 1200 2900 24030rph.

134 2906 266 2978 317-450·
279 2905 345 2959 Erat
359 2915 447 2959 aulem
459 2908 563 2959 Proteus
576 2914 648 2957 valet
698 2911 798 2982 Hymn.
806 2910 959 2963 a3.·-Nare
969 2913 1094 2968 uideatur,
1108 2916 1202 2960 nantes

135 3004 217 3040 senex
225 2996 253 3040 et
262 2984 336 3038 Deus
346 2985 477 3048 marinus,
490 2983 532 3036 eui
545 2984 648 3050 Neptu-

136 3083 189 3118 nus
196 3081 289 3116 euram
297 3071 479 3115 armentorum
488 3059 647 3126 suorum,lr.

135 3160 161 3194 e.
172 3151 357 3194 monstrorum
370 3139 551 3204 marinorum,
566 3135 648 3190 tradi-

137 3217 222 3273 derat
238 3219 404 3285 Aulium,
423 3227 571 3269 mutantem
584 3214 647 3268 rul-

136 3308 193 3358 tus.
208 3308 239 3350 ut
248 3315 312 3350 eum
323 3306 397 3349 vorat
409 3296 502 3349 Horat.
515 3296 545 3362 l,
561 3295 609 3365 Ep.
621 3311 646 3360 ι,

139 3395 181 3449 9⁰·
204 3375 296 3430 Varias
316 3375 388 3428 enim
405 3376 501 3428 formas
522 3374 646 3428 inducere

139 3456 239 3510 solebat
250 3456 379 3520 Proteus,
398 3455 434 3507 ita
445 3464 475 3507 ut
488 3453 568 3507 nodo
585 3472 648 3522 aper

140 3545 225 3601 met,
237 3535 320 3589 modo
331 3536 425 3601 arbor,
439 3533 538 3587 morin
551 3551 646 3603 aquam

138 3633 169 3668 se
185 3623 353 3680 extenuaret,
376 3632 436 3666 mox
452 3612 519 3682 ignis
534 3612 646 3680 speciem

137 3701 275 3757 sumeret,
297 3693 330 3744 cl.
348 3691 433 3756 Vlll,
455 3691 502 3759 73²
523 3708 579 3758 sqq.
601 3689 647 3742 ubi

136 3772 198 3839 ejus
228 3768 341 3823 fictionis
369 3788 473 3822 cauum
505 3767 646 3820 attulimus.

141 3848 316 3915 Tmaessome's
326 3859 434 3901 voratur
447 3849 514 3901 Fast.
525 3847 554 3912 l,
567 3848 623 3917 373.

175 3931 346 3995 tempora,
357 3927 555 3994 EtiamAE5ae0m
566 3944 646 3994 quem

134 4002 183 4056 Dii
194 4005 326 4056 Bn'ateum
336 4005 472 4069 vocabant,
486 4003 558 4056 Deus
566 4003 647 4054 mari-

135 4100 203 4147 nus,
216 4083 333 4151 Neptuni
347 4081 481 4146 vellitus,
494 4081 534 4133 vel
545 4100 645 4133 secun-

134 4159 205 4213 dum
214 4159 320 4213 Hesiod.
331 4158 546 4228 Tbeopllmsqq.
554 4179 644 4229 gener,

132 4237 183 4292 sed
202 4248 274 4306 patre
288 4237 398 4297 sortium
419 4234 489 4288 unde
502 4237 525 4290 ei
537 4247 645 4289 centum

131 4315 260 4381 brarlria,
276 4317 305 4367 in
316 4316 411 4384 quibus
422 4314 495 4368 sedes
507 4314 644 4367 fortitudi-

696 2998 890 3042 cernuntur.-
902 2989 1028 3040 Videntur.
1043 2983 1128 3038 Codd.
1137 3002 1200 3038 uos-

696 3065 731 3117 tri
740 3068 844 3123 vedetur.
857 3064 1008 3133 Utrumque
1021 3063 1097 3115 bene.

731 3163 767 3196 ra.
780 3144 869 3205 Moles,
885 3142 1013 3212 scopulus.
1022 3140 1101 3194 Unus
1108 3139 1200 3193 Heius.

694 3242 760 3290 rupe.
771 3223 858 3276 Nostri
872 3220 958 3276 Codd.
970 3225 1041 3273 mole.
1055 3247 1090 3261 ·-
1102 3221 1202 3273 Sr'ccare

695 3305 801 3367 capillos
811 3301 927 3355 solemne
937 3298 1072 3368 negotium
1080 3297 1201 3350 Deomm

695 3375 1201 3447 marinorum,quemadmodumaliiotio
1290 3436 1292 3441 Ι

695 3456 857 3510 abundantes
863 3474 966 3508 comam
975 3465 1078 3510 ornant.
1086 3454 1201 3524 Singulis

695 3554 767 3588 nuuc
774 3535 840 3588 aetio
847 3533 1143 3603 quedamtribnitur.-
1154 3537 1201 3587 Vr·-

693 3619 760 3669 n'des
767 3618 897 3667 Nereidum
903 3634 978 3666 come
986 3614 1065 3667 eliam
1071 3615 1138 3667 Hor.
1147 3611 1198 3676 Ill,

695 3692 748 3747 Od.
756 3708 847 3745 xxvut
857 3730 866 3757 ,
880 3711 918 3744 to.
928 3693 1066 3762 Neptunus
1074 3699 1199 3758 κυανοχαί-

694 3795 735 3833 της
750 3769 818 3839 apud
834 3769 939 3824 Graecos
950 3788 957 3822 ι
968 3768 1019 3822 rid.
1031 3769 1063 3823 ad
1080 3769 1110 3836 l,
1131 3771 1178 3838 ²7⁵
1191 3807 1198 3833 ‚

696 3848 739 3900 nbi
751 3858 860 3901 vocatur
876 3851 1008 3902 Caemleus.

730 3925 766 3977 13.
778 3928 859 3981 Pisce.
871 3924 988 3978 Gronov.
1000 3924 1070 3991 conj.
1077 3927 1201 3989 priste—

694 4004 783 4066 Pt'sce,
800 4001 890 4055 belluis
901 4001 1024 4067 marinis,
1037 3999 1165 4070 delphinis
1172 4000 1200 4053 in

694 4080 793 4149 primis,
802 4080 860 4134 velri
874 4078 1127 4133 solebantNereides
1136 4077 1201 4133 :vid

694 4158 725 4210 ad
735 4158 792 4223 xl,
806 4159 1050 4227 237.-Facr'esete
1062 4157 1199 4228 ingeniose

694 4248 721 4290 et
735 4237 762 4288 in
777 4236 880 4290 laudem
892 4236 1003 4291 artificis.
1018 4235 1153 4290 Claudian.
1166 4253 1199 4299 x,

696 4333 740 4381 72,
754 4314 786 4366 de
799 4314 941 4367 timoribus
950 4335 956 4367 ι
965 4317 1033 4366 melle
1033 4313 1145 4380 fratres,
1159 4331 1201 4362 ore

130 4396 194 4460 uis,
210 4394 384 4446 tribuuntur:
401 4392 458 4445 vide
472 4393 552 4445 Hom.
566 4393 596 4445 ll.
608 4400 644 4457 Α,
689 4413 778 4460 pares,
793 4399 888 4447 similes
900 4397 993 4446 babila.

130 4477 184 4541 4⁰²
205 4492 262 4543 sqq.
289 4471 345 4526 Sed
362 4471 453 4540 virgil.
477 4470 582 4525 AEneid.
601 4471 644 4538 X,

729 4475 766 4524 15.
781 4473 861 4547 Viros.
875 4470 1103 4536 Homineszqere't,
1114 4465 1200 4518 babet.
