2662 5092
141 709 208 794 466
410 708 449 771 P.
478 707 659 774 OVIDII
689 705 919 775 NASONIS

143 884 160 914 »
181 848 243 923 Cui
261 847 306 920 sis
321 861 425 945 nupta
442 843 534 930 vide,
553 842 725 918 Pandione
743 861 844 930 nata,
863 843 1008 932 marito;

146 998 164 1027 »
183 964 368 1055 Degeneras
383 988 390 1030 :
405 956 512 1031 scelus
527 974 578 1041 est
593 957 698 1057 pietas
716 957 752 1028 in
768 956 911 1054 conjuge
923 959 1040 1034 Tereo.
1058 995 1075 1026 s
1140 985 1197 1054 635Ι

140 1080 210 1151 Nec
225 1103 333 1162 mora,
349 1073 449 1146 traxit
462 1074 558 1173 Ityn,
572 1069 674 1145 veluti
698 1072 878 1168 Gangetica
893 1100 997 1148 cervae

140 1194 327 1264 Lactantem
345 1188 461 1264 foetum
474 1216 534 1289 per
550 1185 647 1260 silvas
666 1186 761 1283 tigris
780 1216 910 1288 opacas.
1010 1208 1013 1213 '

139 1310 251 1407 thue
269 1305 388 1377 domus
405 1302 478 1386 alta
492 1319 619 1403 partem
638 1319 771 1375 tenuere
787 1320 969 1389 remotam;

139 1420 408 1519 Tendentemque
426 1446 560 1504 manns,
579 1418 689 1515 etjam
706 1446 767 1490 sua
781 1416 848 1492 fata
863 1417 1053 1510 videntem,

138 1540 183 1612 Et
198 1551 312 1620 mater,
331 1539 450 1606 mater!
465 1531 679 1619 clamantem,
696 1550 730 1605 et
746 1531 832 1605 colla
848 1551 1039 1632 petentem,
1142 1562 1186 1626 oso

137 1653 225 1725 Ense
243 1649 320 1722 serit
337 1650 484 1734 Procne,
498 1646 592 1721 lateri
611 1676 674 1747 qua
691 1665 807 1748 pectus
819 1648 986 1735 adhaeret;

138 1769 207 1838 Nec
222 1764 349 1838 vultum
366 1763 484 1837 avertit
498 1793 506 1836 ε
522 1763 602 1837 satis
618 1762 666 1835 illi
684 1763 725 1836 ad
741 1763 807 1838 sata
823 1762 874 1837 rel
891 1794 1001 1839 unum

137 1880 270 1953 Vulnus
288 1897 357 1954 erat
371 1910 379 1953 :
395 1877 548 1978 jugulum
565 1879 654 1952 ferro
672 1877 856 1953 Philomela
875 1880 1038 1969 resolvit3

136 1996 284 2095 Vivaque
301 1994 430 2081 adhuc,
448 1994 629 2094 animaeque
646 1994 772 2094 aliquid
788 1996 968 2070 retinentia
981 1997 1122 2071 membra

136 2109 307 2183 Dilaniant
323 2142 330 2182 :
347 2137 425 2210 pars
444 2109 520 2182 inde
538 2110 624 2183 cavis
641 2109 782 2184 exsultat
801 2110 938 2198 ahenis;
1143 2132 1183 2200 645

136 2225 218 2297 Pars
233 2223 379 2297 verubus
398 2224 537 2296 stridet:
553 2241 687 2298 manant
701 2222 881 2325 penetralia
900 2225 995 2299 taho.

135 2348 199 2420 llis
216 2347 352 2420 adhibet
369 2346 490 2444 conjux
507 2346 659 2439 ignarum
674 2348 777 2420 Terea
793 2347 940 2434 mensis,

136 2474 181 2543 Et
197 2469 296 2569 patrii
311 2469 415 2542 moris
433 2495 560 2540 sacrum
577 2468 729 2555 mentita,
750 2469 840 2568 quod
856 2471 918 2541 nni

135 2596 199 2667 Fas
217 2594 260 2665 sit
277 2593 365 2665 adire
380 2592 467 2678 viro,
485 2591 622 2664 comites
637 2591 843 2692 famulosque
861 2598 1018 2670 removit.

136 2715 217 2788 lude
235 2715 352 2788 sedens
372 2712 456 2785 solio
475 2715 598 2787 Tereus
616 2711 766 2786 sublimis
785 2715 873 2788 avito
1142 2742 1181 2793 ste

136 2837 306 2921 Vescitur,
328 2835 429 2934 inque
447 2861 539 2906 suam
557 2862 616 2907 sna
631 2836 755 2908 viscera
772 2839 925 2930 congerit
939 2839 1062 2914 alvum.

167 3046 223 3112 631,
236 3046 368 3099 Pandione
376 3050 463 3095 natam
473 3063 499 3097 se
511 3054 598 3110 vocat,
612 3055 642 3097 ut
689 3047 743 3101 sius
753 3048 860 3113 sumsit,
874 3051 917 3102 cui
935 3052 980 3105 illa
998 3073 1047 3106 vox
1058 3054 1125 3107 valde
1135 3053 1182 3122 pla-

135 3143 261 3196 agenore
281 3121 441 3176 fortitudinis
456 3122 574 3176 stimulos
591 3143 641 3176 su·
689 3125 1182 3198 cuissevidetur-Collapetnrmhle-

134 3216 196 3258 mat.
213 3203 284 3256 Hinc
296 3200 385 3266 addit,
399 3203 540 3267 deponeres.
560 3203 641 3255 Non·
690 3201 788 3266 diceus,
797 3206 864 3253 colla
868 3214 1041 3269 prementem,
1050 3207 1113 3277 quod
1122 3225 1181 3276 posse

133 3283 198 3337 nulli
210 3281 372 3348 depenerah,
391 3289 434 3331 aut
446 3281 497 3342 ha,
512 3277 641 3332 Gruterus
690 3278 789 3331 admitti
807 3280 987 3337 Burmannus
1008 3297 1097 3339 censet.
1118 3284 1180 3352 Regii

135 3361 247 3415 malebat
268 3361 374 3425 dessencr
396 3358 435 3408 ad
453 3360 543 3407 scelus.
566 3357 642 3426 Regii
689 3357 769 3410 nostri
784 3356 1032 3425 hahentpetcnteae.

133 3440 233 3503 nostri,
247 3440 388 3505 degeneras.
396 3436 526 3485 -Pielas
535 3439 561 3486 iu
574 3453 641 3487 con·
721 3434 777 3499 642.
793 3434 840 3484 Ad
840 3436 920 3502 lala,
934 3439 969 3492 ad
978 3442 1181 3494 mortem-Am

129 3518 200 3585 juge.
210 3514 302 3567 Codex
315 3512 443 3582 RegiusA
453 3550 460 3577 ,
471 3513 579 3581 aprima
587 3532 641 3565 ma·
689 3531 754 3562 marr
763 3530 809 3563 seu
816 3512 897 3564 vitam
904 3518 1180 3581 retinentmemhnea,

134 3613 187 3658 nu,
200 3592 278 3644 habet
285 3596 370 3659 pristas
385 3610 441 3643 cum
452 3590 557 3656 consitae
563 3607 572 3652 ,·
587 3608 640 3658 po·
689 3609 747 3658 quse
766 3588 849 3642 adhuc
870 3591 1057 3660 palpitant-
1067 3601 1181 3650 Exulem

132 3682 184 3726 test
203 3671 290 3737 recipi.
303 3672 352 3721 Ed.
364 3697 397 3708 -
413 3669 494 3720 Cerva
510 3672 640 3721 docleatem

128 3749 226 3816 selum.
236 3745 398 3814 Periphrasis
410 3756 449 3798 est
456 3744 565 3797 hinnuli.
574 3746 623 3797 Ed.

164 3827 222 3880 638.
239 3827 338 3877 Domus
348 3828 422 3885 allae,·
437 3823 576 3876 eratenim
591 3842 639 3874 re-

131 3903 179 3971 gia.
186 3905 327 3955 —Porlem
339 3906 456 3950 remotam
465 3917 473 3963 ,¹
483 3897 638 3968 penetralia:

131 3980 189 4032 vide
197 3999 262 4032 vers.
269 3976 395 4042 fito-Er
404 3985 497 4038 malet,
513 3987 561 4029 etc.
570 3978 634 4037 Eia,

133 4058 204 4125 quod
217 4055 373 4109 blandientis
381 4066 433 4120 est,
442 4056 563 4109 clamasse
576 4075 640 4124 pue-

130 4154 192 4186 rum
204 4136 257 4203 jam
266 4155 311 4188 sua
319 4136 370 4188 sata
382 4133 515 4201 videntem
523 4175 530 4199 ,
539 4135 578 4187 vir
587 4155 639 4188 cre·

130 4210 250 4264 diderim.
262 4214 390 4266 Revocavi
399 4232 463 4282 ergo
476 4234 483 4265 ·.
498 4217 535 4265 El
545 4223 636 4276 mater,

131 4295 221 4338 mater:
234 4293 390 4350 clamantem,
402 4287 471 4357 quod
480 4288 638 4350 hahentom·

130 4382 177 4417 nes
189 4365 269 4416 MSS.
279 4378 373 4434 praeter
385 4384 468 4420 unum
482 4366 637 4435 Neapolita-

121 4460 204 4510 num,
210 4442 237 4495 in
245 4461 297 4510 quo
303 4449 354 4498 Eia
361 4445 465 4514 legitur,
473 4445 544 4498 unde
552 4448 637 4503 Hein-

690 3678 716 3719 et
728 3666 760 3719 de
777 3686 842 3734 aqua
855 3669 997 3739 fervente,
1011 3686 1042 3728 ut
1055 3675 1120 3741 Vll,
1134 3675 1180 3736 att,

689 3745 759 3799 etde
774 3747 912 3813 carnibus,
927 3771 990 3820 quo
1002 3775 1071 3824 aqua
1085 3758 1180 3808 lementa

689 3823 1180 3902 molliuntur.Conler.Seneea,Thyest

690 3901 737 3969 765
747 3921 840 3970 sqq.—
847 3906 927 3963 Inde,
937 3927 971 3959 ex
981 3911 1059 3977 pueri
1070 3907 1179 3964 membris

688 3979 837 4035 -Mensr's.
854 3980 948 4049 epulis.

720 4056 776 4108 650.
793 4058 855 4108 Iade
865 4062 966 4113 sederes.
979 4060 1095 4117 Codices
1104 4059 1178 4123 nostri,

686 4138 741 4199 ipse
751 4135 854 4196 sedern
867 4137 974 4203 gravius
985 4151 1061 4193 certe
1074 4152 1099 4194 et
1110 4141 1177 4203 maio·

687 4231 743 4264 reru
756 4213 854 4280 spirans
862 4215 1023 4284 emphasim.
1037 4223 1087 4272 Ed.
1098 4249 1127 4259 -
1135 4220 1177 4270 th·

686 4310 758 4354 cera,·
770 4289 828 4342 vide
839 4290 871 4342 ad
887 4292 921 4357 V,
940 4297 978 4348 18.
991 4297 1113 4351 Imitatus
1122 4296 1177 4349 No·

686 4381 756 4422 trum
774 4380 811 4423 est
823 4371 947 4426 Valerius
960 4375 1110 4441 Maximus,
1123 4373 1176 4435 Vll·

684 4449 700 4500 6
715 4469 721 4502 :
733 4469 780 4519 quo
791 4452 889 4502 deicidis
898 4456 1123 4523 amissus-enlm
1130 4455 1176 4504 vis·
