2662 5092
981 383 1003 396 ,-

209 686 277 759 DE
304 688 473 757 OPERE
495 686 1016 762 METAMORPHOSEON.
1104 716 1142 792 ¹7

77 829 165 919 tias,
183 831 299 920 verba,
317 830 478 926 imagines
496 828 671 931 etreliqua
690 851 900 923 ornamenta,
919 851 1075 935 tanquam
1087 862 1147 937 ap-

76 963 247 1066 paritores
255 961 501 1065 paratissimos,
514 960 672 1035 scribenti
685 977 805 1061 praesto
818 962 928 1037 luisse.
943 966 1068 1038 Verum
1083 962 1147 1040 tale

77 1096 210 1193 ingenii
235 1094 360 1168 llumen
387 1090 588 1168 lutulentum
610 1092 776 1166 interdum
795 1091 954 1182 decurrit,
974 1112 1146 1196 sortesque

77 1223 262 1301 nonnullas
281 1252 393 1299 secum
407 1222 522 1313 vehit,
548 1251 630 1323 quas
648 1251 726 1297 eura
742 1223 886 1297 secunda
902 1222 1017 1299 tollere
1034 1225 1143 1299 debet.

79 1359 209 1432 Nostro
228 1374 338 1431 autem
353 1343 413 1456 per
426 1352 495 1429 fata
509 1381 578 1427 non
594 1351 690 1426 licuit
711 1369 906 1441 retractare,
931 1382 1002 1454 quae
1018 1355 1145 1455 primus

79 1490 207 1587 ingenii
224 1490 370 1591 impetus
383 1486 529 1575 fuderam
545 1487 634 1561 forte
651 1488 732 1560 etin
750 1486 949 1588 quibusdam
961 1489 1149 1585 corrigendi

79 1619 237 1695 voluntas
261 1619 442 1694 defuisset:
459 1617 571 1719 itaque
591 1618 647 1693 hic
670 1616 738 1693 illic
760 1636 959 1707 oocurmnt,
982 1647 1055 1719 quae
1072 1618 1147 1720 quis

80 1751 217 1827 sublata
233 1768 292 1826 aut
304 1749 476 1826 emendata
491 1747 579 1823 velit
605 1749 711 1823 Insita
727 1750 758 1824 ei
772 1778 875 1850 porro
891 1768 961 1825 erat
975 1750 1079 1825 virtus
1095 1751 1149 1824 in-

79 1883 173 1980 genii
196 1912 253 1970 ea,
281 1910 355 1984 qua
372 1899 521 1956 externas
538 1882 749 1982 potissimum
767 1910 876 1957 rerum
898 1882 1021 1959 sannas
1039 1885 1150 1958 consi-

80 2015 197 2103 derat,
209 2014 388 2116 acriterque
401 2013 519 2102 sentit,
533 2014 569 2085 in
580 2013 621 2088 iis
631 2013 747 2102 heret,
761 2043 832 2116 qua
843 2033 936 2110 grata
946 2034 1028 2099 sunt
1037 2018 1146 2091 animo

78 2162 141 2221 aut
155 2144 304 2243 ingrata,
317 2141 496 2247 phantasia
509 2173 573 2246 ope
585 2143 719 2234 nititur,
733 2146 867 2248 ejusque
881 2177 898 2225 e
912 2177 1002 2248 penu
1015 2147 1145 2224 colores

80 2279 186 2381 petit,
203 2278 329 2381 quihus
353 2306 424 2353 rem
451 2277 658 2380 propositam
683 2277 858 2353 illuminet.
884 2281 967 2379 Ejus
989 2282 1145 2368 virtutis,

81 2439 184 2510 quam
193 2410 311 2484 Nostai
327 2408 386 2482 dea
402 2408 504 2484 Wuz
516 2426 651 2497 vocant,
664 2409 821 2510 exemplis
834 2411 982 2485 abundat
997 2414 1062 2486 hoc
1077 2441 1148 2486 ear-

81 2571 184 2630 men,
199 2543 239 2616 ab
256 2571 358 2643 eaque
375 2542 445 2640 ejus
463 2560 579 2616 auctor
594 2542 776 2616 eminenter
791 2542 959 2640 ingeniosus
972 2560 1073 2642 poeta
1086 2573 1149 2618 vo-

82 2688 191 2746 catur.
216 2672 321 2746 Modo
343 2700 414 2745 non
437 2672 621 2772 argutiarum
639 2670 808 2758 studium,
825 2671 995 2744 acuminum
1016 2674 1147 2746 venatio

78 2822 114 2879 et
124 2804 300 2903 petulantia
316 2803 465 2903 quedam
483 2803 583 2877 animi
596 2831 671 2877 enm
683 2801 807 2902 passim
822 2802 1016 2877 avertissent
1031 2803 1072 2876 ab
1088 2832 1148 2889 eo,

80 2933 171 3037 quod
189 2951 319 3008 rectum
336 2952 388 3007 est
402 2952 436 3009 et
450 2963 574 3009 verum.
594 2933 672 3008 Illas
688 2950 797 3007 autem
814 2933 938 3030 ingenii
955 2933 1050 3008 dotes
1066 2934 1149 3009 doo-

81 3068 175 3142 trinae
187 3064 340 3140 liberalis
356 3065 481 3168 pabulo
500 3066 640 3156 aluerat,
653 3056 794 3142 lectione
805 3085 975 3142 auctomm
989 3085 1149 3168 prestan-

81 3198 299 3287 tissimornm,
309 3215 481 3299 poetamm
492 3199 664 3300 inprimis,
675 3196 971 3302 declamationibus
981 3199 1015 3272 in
1025 3198 1149 3273 scholis

82 3332 273 3421 rhetorum,
297 3349 396 3434 atque
422 3330 652 3408 observatione
671 3361 801 3407 morum
819 3350 853 3441 et
874 3316 1064 3425 studiorum
1085 3331 1150 3406 hu-

85 3493 271 3540 manomm.
287 3465 404 3565 Itaque
421 3465 556 3538 scientia
566 3451 699 3560 vigebat
711 3463 909 3540 elocutionis
922 3465 1077 3565 poeticae,
1092 3491 1153 3540 an·.

88 3595 268 3695 tiquitatis,
289 3595 390 3668 animi
412 3594 566 3683 humani,
593 3622 770 3696 earumque
791 3567 919 3683 rerum,
944 3595 1067 3696 quilius
1092 3592 1149 3668 ille

86 3726 321 3822 persuadetur,
341 3723 535 3814 delectatur,
552 3744 713 3800 movetur.
731 3727 787 3799 Sic
799 3755 878 3823 ergo
898 3744 965 3801 eta
982 3744 1100 3799 natura
1115 3742 1149 3798 et

89 3873 203 3956 suopte
221 3855 336 3929 studio
352 3855 513 3932 formatus
528 3857 667 3931 accessit
682 3856 723 3931 ad
734 3887 819 3960 opus
829 3858 1149 3958 Metamorphoseon

93 3986 309 4060 condendum.

135 4117 186 4189 De
186 4117 341 4214 facilitate
352 4146 423 4192 non
440 4135 505 4206 est,
526 4118 617 4220 quod
633 4117 865 4219 pluradicam,
883 4135 1011 4219 utque
1025 4145 1096 4191 non
1115 4118 1151 4189 in

101 4245 231 4341 singulis
241 4248 341 4337 locis,
361 4250 419 4324 sed
434 4251 468 4323 in
487 4267 600 4324 tenore
614 4252 716 4325 totius
730 4251 883 4325 carminis
898 4265 1059 4322 cernatur.
1076 4249 1153 4319 Ma-

104 4374 178 4453 otas
200 4382 316 4482 potius
331 4380 510 4455 nonnullas
528 4383 812 4471 commemorabo,
832 4410 913 4482 quas
930 4383 1073 4480 impetus
1095 4372 1151 4446 ille

185 4537 265 4605 III.
993 4560 1013 4597 a
