2662 5092
81 720 599 820 Mursmonrrro'snon
625 753 721 820 Lm.
746 755 821 820 111.
916 754 979 825 265

53 919 163 990 noque
180 918 233 978 se,
251 908 428 991 postquam
445 909 496 965 est
513 891 641 963 inferna
658 891 734 966 sede
749 910 918 994 receptus,

54 1006 99 1099 ‚ia'
108 1006 278 1106 spectabat
295 1036 379 1106 aqua
394 1038 401 1078 ε
416 1007 571 1109 planxere
588 1035 718 1081 sorores
934 1029 983 1083 505

54 1151 86 1208 53
103 1139 136 1196 et
149 1140 255 1196 sectos
266 1121 363 1195 *fratri
381 1151 520 1223 posuere
537 1122 698 1223 capillos:

54 1264 85 1310 re
101 1254 135 1310 et
152 1236 301 1336 Dryades
316 1267 324 1308 :
339 1237 576 1337 plangentibus
594 1238 733 1311 adsonat
747 1237 851 1310 Echo.

54 1380 67 1426 e
81 1380 218 1446 rogum,
232 1381 431 1453 quassasque
446 1353 550 1441 iaces,
566 1353 790 1453 feretrumque
804 1353 982 1454 parabant:

54 1503 100 1548 em
117 1503 240 1576 corpus
258 1494 327 1549 erat
343 1505 516 1552 :croceum
532 1505 595 1579 pro
613 1504 750 1577 corpore
767 1475 881 1550 florem

54 1614 125 1684 unt,
142 1595 232 1671 soliis
248 1598 392 1671 medium
410 1599 621 1695 cingentibus
638 1598 733 1672 albis.
937 1617 985 1671 510

54 1720 197 1815 Cognita
211 1748 264 1794 res
281 1720 430 1795 meritam
446 1722 512 1795 vati
528 1750 588 1823 per
602 1720 767 1795 Achaidas
784 1719 883 1793 urbes

54 1925 129 1980 rore!
137 1926 265 1994 adjectivo
271 1948 322 1980 not
333 1928 380 1982 ista
388 1928 436 1981 de·
484 1950 567 2001 quum
578 1929 680 1984 sciverit
693 1929 827 2001 quomodo
839 1939 899 1983 ante
914 1938 991 2001 typo-

56 2042 64 2069 ,
82 2003 153 2072 quod
172 2015 259 2071 tamen
274 2024 377 2058 neeesse
389 2025 436 2058 es·
485 2008 619 2079 graphium
631 2019 762 2080 repertam
777 2008 953 2062 scriberentur
964 2006 991 2059 ti·

54 2084 268 2153 spretereudum
277 2103 379 2137 censeo.
388 2085 437 2136 Ed.
484 2088 547 2141 bri?
566 2088 661 2141 seilicet
673 2087 746 2154 duo,
763 2098 831 2153 tres,
844 2086 885 2138 rel
904 2085 991 2155 plures

54 2182 98 2215 eus
110 2166 242 2224 luminum,
261 2174 290 2216 ut
304 2164 359 2229 VI,
374 2164 435 2224 560,
485 2166 575 2219 scribe
587 2176 647 2218 ante
660 2166 778 2236 pluteum
788 2205 795 2232 ,
805 2163 919 2218 dictante
932 2183 992 2215 ver-

54 2245 133 2308 uffae.
144 2243 215 2292 -In
224 2243 367 2309 Stygr'aete
377 2238 437 2290 Ma-
484 2242 517 2296 ba
533 2244 654 2313 magistro
664 2282 672 2310 ,
682 2243 822 2296 exarabant
832 2263 840 2306 ς
860 2251 901 2307 et,
913 2249 992 2310 prout

54 2338 63 2371 ι
81 2318 110 2372 iu
128 2318 231 2372 inferna
244 2319 305 2372 sede
318 2327 440 2371 exercent
486 2323 593 2391 quisque
608 2323 706 2391 peritus
715 2332 791 2389 esset,
802 2320 990 2387 alterqeassas,

54 2395 144 2465 utique
164 2414 170 2447 :
187 2395 245 2449 vide
266 2396 297 2448 ad
319 2395 368 2461 lv,
382 2397 438 2461 445.
487 2396 993 2466 altercassasinsnocodicereponebat.

54 2493 129 2528 amen
140 2475 237 2545 ¹minus
255 2475 351 2527 Noster
368 2492 440 2526 nunc
488 2475 615 2528 Similiter
626 2492 657 2527 ea
670 2475 793 2528 omnihus
804 2474 873 2526 hisce
891 2470 995 2525 mendis

54 2553 291 2623 ubmusesem'lygrt
299 2552 370 2603 enim
383 2561 440 2603 tur·
489 2571 546 2620 quse
561 2553 588 2604 in
600 2553 695 2605 nostris
704 2551 803 2621 scriptis
815 2548 885 2603 libris
897 2569 994 2604 occur-

54 2642 103 2684 uet
112 2630 176 2682 limo
187 2631 263 2699 plena
275 2648 329 2682 non
338 2638 440 2698 poterat
488 2640 559 2682 runt.
572 2631 655 2682 Ed.-
662 2632 780 2696 Qualem,
795 2646 926 2695 quassare,
936 2645 997 2695 per-

54 2708 195 2764 issormam
208 2708 326 2762 reddere.
488 2714 570 2759 celere
580 2708 674 2774 faces,
691 2705 811 2759 fomute
825 2706 914 2761 obviet.
933 2704 994 2758 vid.

54 2790 157 2841 faetere
164 2807 267 2840 sorores.
279 2783 356 2855 Apud
365 2783 441 2837 Clau·
490 2784 614 2837 Heinsius
629 2782 661 2836 ad
680 2784 737 2850 IV,
755 2785 809 2851 758.
823 2784 995 2838 Jactabantur

54 2866 441 2934 NarcissumsractaCephr'ssus
490 2862 995 2930 enimintereuudum.-Cmceenrfio-

54 2967 56 2978 ,
75 2949 151 3014 luffet.
174 2973 208 2986 —
223 2947 309 2997 Sectos
328 2947 441 3010 capillos.
489 2963 547 2996 tem,
567 2943 725 2996 Narcissum.
745 2942 805 2996 mos
822 2941 865 2995 hie
878 2941 936 2995 Diis
952 2942 996 2993 in-

61 3023 442 3092 antiquissimosoiebantmor-
490 3022 551 3075 seris
565 3040 637 3075 sacer
654 3021 778 3092 fingitur,
799 3021 887 3090 utqui
903 3019 996 3073 floreat

54 3099 443 3169 tumulissecticapillorumcin·
491 3113 594 3156 mutum
610 3111 637 3155 et
659 3112 788 3167 transeat,
807 3120 893 3169 neque
913 3100 997 3153 ullum

54 3179 128 3248 rponi.
138 3177 317 3246 —Quoniam
330 3179 357 3229 in
370 3176 442 3230 Gro·
491 3177 564 3234 este
585 3181 700 3233 fructum
716 3179 793 3242 edat;
807 3179 843 3233 ita
854 3189 881 3232 et
893 3179 998 3248 ingenia

54 3254 250 3323 smulr'posuerc
259 3266 357 3321 exstat,
371 3256 442 3308 Bur·
491 3258 615 3326 praecocia
627 3257 697 3312 haud
711 3257 782 3311 facile
795 3255 954 3327 perveniunt
964 3253 997 3307 ad

73 3334 235 3402 conjecturat
253 3332 346 3398 fonds,
381 3341 444 3382 1³1¹·
492 3330 998 3404 frugem.Ed.·-·Flosautemideetiam

54 3420 115 3465 ¹usto
135 3411 254 3464 Narcissi
272 3437 306 3451 ·-
323 3411 383 3462 Non
397 3409 445 3460 in·
492 3412 571 3466 hodie
583 3415 654 3482 juxta
662 3413 819 3467 Heliconem
826 3410 953 3481 plurimus
960 3428 999 3461 re·

54 3489 183 3541 turmanni
199 3489 356 3556 conjectura.
374 3487 443 3539 Nos·
493 3489 609 3558 peritur,
629 3501 659 3543 ut
671 3500 760 3543 narmt
773 3491 899 3543 Chaedler
910 3486 939 3539 iu
951 3484 1000 3539 lti-

54 3563 382 3631 ttcodiceshabentsralrt'.
395 3561 445 3614 Ed.
494 3586 551 3620 ner.
562 3587 617 3636 cap.
629 3568 668 3634 64,

54 3663 77 3697 re
88 3643 205 3696 solemne
221 3643 247 3694 in
267 3640 445 3694 consecratio·
529 3646 653 3713 511-733,
666 3647 940 3714 ngnimresmn'lam
952 3651 1001 3695 etc.

54 3720 172 3786 'ibuttus,
195 3721 226 3786 l,
242 3738 269 3785 1,
287 3721 332 3785 14,
345 3737 446 3785 pomum
495 3724 630 3789 Bacchus,
648 3742 770 3776 emensus
786 3722 880 3777 multas
897 3733 1000 3786 terras,

54 3804 95 3853 'em
105 3800 205 3852 Mirum
213 3808 356 3864 autemst,
364 3798 447 3868 Nym·
496 3798 1002 3866 Thebasveuit.Pentheusvero,Eehio·

54 3897 96 3930 um
105 3890 133 3931 et
137 3879 257 3946 stretrum
270 3895 379 3946 parasse.
495 3882 536 3934 nis
547 3880 633 3947 tilius,
648 3878 743 3936 Cadmi
755 3899 786 3933 ex
798 3881 887 3949 Agave
903 3895 1001 3946 nepos,

54 3962 219 4026 Quassasque.
240 3957 348 4025 Septem
366 3954 447 4009 MSS.
495 3960 537 4015 cui
551 3958 670 4012 Cadmus
685 3959 827 4028 imperium
838 3954 1000 4021 tradiderat,

54 4056 83 4090 se.
96 4036 127 4090 ld
143 4037 313 4089 Burmannus
324 4035 447 4104 explicat,
496 4057 579 4108 quum
597 4056 668 4090 sacra
683 4055 751 4090 nova
770 4035 886 4105 accipere
900 4033 1001 4098 nollet,

54 4124 123 4168 ecce
143 4115 175 4167 ab
196 4115 287 4167 arbore
304 4132 380 4165 sucro
401 4130 448 4165 suo
497 4115 681 4185 Bacchumque
690 4115 756 4168 adeo
769 4112 916 4167 interficere
928 4130 1005 4166 cona-

57 4191 449 4258 taridesunt.-Nostri‚quas·
496 4206 579 4261 retur,
588 4191 1003 4262 dilaceratusestab-Agaveetso·

66 4271 101 4326 Et
121 4285 210 4342 arguta
231 4274 298 4325 sorte
320 4270 450 4322 videbitur
497 4261 1004 4341 roribus,quasBacchuseuminfinem

54 4351 77 4403 io
98 4352 254 4404 Burmanni.
285 4351 380 4401 Cessas
402 4365 449 4415 pro
497 4351 524 4403 in
543 4352 661 4404 furorem
679 4350 808 4418 adegerat
828 4349 949 4402 Tractata
967 4353 1006 4395 est

66 4431 192 4500 scriptum
210 4430 286 4483 fuisse
299 4448 313 4481 a
326 4426 449 4489 librariis,
497 4427 553 4482 hac
570 4428 656 4482 sabula
669 4439 727 4496 pose
738 4427 912 4498 &hylum
931 4421 1005 4488 cujus

56 4530 86 4564 m
103 4531 196 4580 sensu,
214 4511 271 4582 quis
289 4509 450 4574 demiretur,
497 4505 634 4562 Pentheus
646 4505 763 4573 interiit,
783 4503 815 4556 ab
833 4496 959 4566 Euripide
977 4496 1006 4549 in
