2662 5092
998 412 1001 419 ι

996 420 998 427 ι

144 712 887 825 utramonrnoseounrnni.
980 753 1046 849 ³47

104 888 193 963 terias
210 918 310 962 ausus
323 890 453 989 jactatis
469 892 516 967 ire
532 920 592 993 per
606 920 721 980 auras;

104 1011 200 1087 lerrer
213 1014 344 1089 eunctis
359 1033 446 1089 certe
465 1045 565 1111 gener
579 1045 587 1090 ε
601 1015 721 1090 addere
738 1015 839 1089 tantis
996 1056 1047 1111 7⁰⁰

104 1134 173 1209 ibus
187 1153 221 1210 et
238 1137 408 1225 meritum,
425 1137 555 1213 faveant
570 1138 671 1212 modo
688 1138 846 1224 numina,
866 1155 968 1214 tento.

104 1286 163 1331 nea
181 1258 245 1346 sit,
263 1277 389 1334 servata
405 1289 477 1335 mea
492 1259 633 1347 virtute,
652 1261 811 1362 paciscor.
834 1293 852 1325 ι)

105 1396 167 1452 unt
182 1379 305 1474 legem,
325 1382 401 1481 quis
419 1383 506 1457 enim
523 1382 719 1457 dubitaret?
735 1399 769 1456 et
786 1399 901 1470 orant,

104 1518 258 1601 ttuntque
274 1530 376 1603 super
391 1507 531 1599 regnum
548 1484 682 1593 dotale,
700 1522 865 1605 parentes.

104 1622 177 1697 elut
192 1624 303 1712 navis,
322 1625 456 1725 praefixo
475 1628 606 1702 concita
620 1646 752 1715 rostro,
1001 1646 1051 1717 705

114 1775 234 1847 aquas,
251 1748 409 1846 juvenum
428 1749 627 1825 sudantibus
640 1769 711 1824 acta
728 1749 856 1824 lacertis
870 1778 880 1840 ;

104 1898 141 1955 a,
158 1869 294 1945 dimotis
311 1871 456 1972 impulsu
474 1873 620 1973 pectoris
637 1872 756 1960 undis,

104 2021 129 2065 m
146 1993 260 2068 aberat
277 1995 441 2097 scopulis,
461 2015 621 2097 qnantum
635 1995 803 2072 Balearica
819 2013 911 2070 torto

117 2134 229 2217 potest
246 2118 386 2219 plumbo
404 2120 505 2195 medii
522 2121 746 2200 transmittere
762 2119 854 2209 cali3

115 2238 229 2312 subito
244 2241 391 2339 juvenis,
410 2241 555 2343 pedibus
573 2243 689 2318 tellure
708 2243 860 2345 repulsa,
1000 2278 1050 2335 710

104 2388 120 2433 s
136 2360 171 2432 in
188 2361 297 2436 nubes
314 2364 397 2436 abiit
413 2395 421 2437 :
436 2382 476 2493 ip
493 2365 527 2437 in
546 2394 678 2467 aequore
696 2394 825 2439 summo

104 2511 113 2556 ι
129 2483 189 2556 viri
206 2484 274 2557 visa
291 2503 361 2573 est,
381 2487 484 2560 visam
499 2487 568 2562 iera
586 2488 677 2584 serit
694 2488 729 2560 in
746 2487 909 2561 umbram.

104 2701 139 2756 im
151 2714 189 2757 est
201 2713 256 2757 tam
272 2711 441 2779 baptistam,
462 2710 492 2767 ὥς
574 2711 630 2778 705.
647 2709 717 2760 Ecce
727 2712 798 2760 tutat
808 2712 889 2760 savis.
902 2705 964 2760 Non
982 2705 1051 2760 male

105 2791 146 2835 est
152 2781 220 2851 apud
231 2783 320 2852 Eurip.
332 2785 423 2853 fragm.
434 2785 491 2837 Da-
540 2782 640 2837 delecta
651 2783 804 2839 similitudo.
825 2783 893 2838 Plin.
909 2783 977 2838 Hist.
989 2784 1049 2838 Nat.

104 2859 153 2913 adt
164 2870 253 2914 tamen
265 2862 357 2915 Heius.
371 2883 406 2916 an
418 2868 492 2917 clau·
540 2861 597 2927 IX,
618 2878 664 2927 vr,
683 2863 713 2923 6,
730 2861 763 2916 de
781 2862 898 2916 balena:
916 2864 1054 2914 Mittebat

104 2935 154 2990 lute
166 2939 295 3007 positum,
309 2940 341 2992 sit
353 2941 413 2994 satis
430 2942 489 2995 lati·
540 2942 615 2992 dorso
632 2943 735 2992 muttum
755 2958 941 3008 superaquam,
960 2943 1053 2992 canite

104 3013 132 3068 td
141 3015 209 3069 bene
222 3017 369 3070 Burmann.
380 3029 490 3085 monet,
540 3022 596 3070 vice
607 3021 717 3071 inverse.
741 3017 818 3072 ldem
838 3016 899 3071 ibid.
918 3016 950 3070 de
965 3016 1051 3082 orcis,

104 3093 146 3159 ll,
160 3094 217 3148 Art.
227 3098 290 3161 415,
301 3095 411 3149 Danaen
419 3101 490 3150 clau·
540 3097 653 3148 tatanus
671 3101 787 3158 incursu,
811 3115 857 3149 ceu
873 3099 1052 3148 liburnicarum

104 3173 317 3243 isimpliriter.-
331 3178 487 3238 dicundum,
540 3181 648 3232 rostris.
666 3175 781 3243 fodrisut.
795 3174 1055 3243 -diaetcatexquisi-

104 3271 142 3319 u,
154 3263 184 3306 ut
193 3255 221 3319 1,
233 3257 297 3321 tao,
308 3261 400 3321 ortas,
410 3257 491 3309 vitam
543 3254 610 3312 tius.
628 3273 707 3322 quam
719 3295 726 3320 ,
740 3253 827 3307 findit.
840 3253 932 3323 Virgil.
948 3250 1055 3305 AEneid.

104 3332 235 3384 AEtherrias.
245 3330 337 3385 Codex
347 3333 444 3402 Regius
455 3334 490 3401 A,
542 3334 578 3398 V,
593 3335 639 3386 158
651 3373 659 3399 ‚
682 3337 785 3387 sulcant
793 3335 863 3385 vada
874 3335 947 3384 salsa
955 3333 1052 3385 cerm.

104 3426 127 3476 r‚·
139 3408 279 3479 CodexB,
292 3412 394 3465 Aen'as.
538 3413 705 3478 —Juoeues,
727 3411 846 3481 remiges.

104 3493 196 3542 batus.
215 3493 287 3548 Itos.
299 3490 427 3559 quidquid
441 3490 491 3542 bo·
574 3489 629 3558 7⁰8.
646 3491 784 3542 Balearica
790 3486 884 3554 secuda.
901 3486 1051 3540 Balearium

104 3577 140 3621 tut
150 3587 209 3620 rem
220 3568 334 3638 aliquam
351 3588 490 3621 commen·
536 3566 685 3619 insularum
692 3566 788 3619 incolas
798 3565 875 3619 tuisse
883 3564 1051 3634 peritissimos

104 3645 147 3710 .1‚
156 3645 204 3715 Ep.
213 3662 293 3712 xxiv,
303 3650 329 3698 5:
334 3651 490 3713 praedtotum,
538 3644 686 3696 funditores
698 3642 758 3696 satis
766 3652 871 3695 notum.
883 3645 974 3695 utt-
987 3645 1053 3696 Tor·

104 3725 244 3775 mentiatur
259 3726 300 3774 tts
310 3726 417 3796 dotibus:
429 3724 490 3776 Non
539 3733 580 3784 to.
594 3723 668 3792 quod
679 3732 828 3792 torquetur,
837 3721 952 3775 mittitur
964 3742 979 3776 e
989 3723 1054 3775 sun-

104 3801 194 3869 respiei
202 3801 353 3870 putoprisea
362 3812 489 3870 tempora,
539 3803 579 3856 da.
591 3806 742 3856 -Pedttss
753 3813 801 3855 ete.
813 3843 820 3865 ‚
836 3812 866 3855 ut
876 3802 929 3854 vim
942 3798 1053 3854 adderet

104 3894 192 3931 meus
204 3889 230 3931 et
246 3899 346 3947 sponsae
361 3891 388 3932 et
400 3899 490 3948 paren·
538 3882 650 3951 corpori.
660 3878 729 3934 Vide
741 3878 774 3932 ad
788 3881 813 3933 ll
825 3920 832 3941 ‚
848 3879 904 3951 786.
915 3906 949 3920 -
960 3880 992 3930 Is
1002 3898 1053 3932 uu*

104 3974 123 4009 ts
131 3955 222 4009 dotem
233 3958 336 4011 adferre
353 3959 458 4012 solebat.
539 3963 582 4013 bes
592 3970 636 4012 aut
647 3962 686 4012 ad
694 3965 767 4012 astra
777 3962 847 4012 abt're
854 3957 980 4011 dicuntur
991 3974 1052 4009 out·

104 4033 210 4101 lectiam
225 4040 304 4104 leqem
323 4037 489 4105 lormuluo·
539 4037 604 4089 nino
617 4037 662 4104 qni
680 4056 706 4089 se
720 4036 842 4089 attol'unt
860 4037 888 4088 in
902 4055 970 4088 aera.
989 4035 1051 4087 Jam

120 4116 168 4165 deu
197 4117 339 4182 tbrscttag
363 4117 489 4182 esitantes.
539 4116 565 4166 in
574 4133 661 4186 pugna
672 4113 715 4168 illa
727 4113 911 4176 describenda,
925 4113 1052 4184 quaPer-

119 4192 156 4244 Η
172 4196 259 4251 τούτοις
274 4198 396 4260 suasim-1
414 4196 489 4265 ὅρκων·
537 4192 1048 4263 seusetexaereetexscopulobelluam

107 4274 172 4320 entus
190 4273 338 4325 dubitaret?
363 4269 489 4322 Heinsius
539 4272 699 4341 aggreditur,
710 4272 838 4342 plurimus
850 4282 889 4326 est
902 4293 908 4335 ;
922 4290 1008 4341 neque
1020 4271 1049 4323 in

104 4349 198 4400 uenam
209 4344 490 4403 dubitetur?—Codi·
539 4369 569 4401 ea
595 4362 678 4420 poete
699 4350 862 4420 phantasiam
884 4349 1047 4404 desiderabis.

104 4424 117 4476 ·i
135 4424 234 4480 babent
244 4428 382 4497 vulgatam.
400 4430 491 4478 bit-
538 4427 690 4483 Similitudo
710 4431 803 4499 aquila
815 4430 857 4484 bie
870 4430 963 4484 melius
976 4427 1047 4482 adhi-

107 4510 342 4574 super.·-l)otate,
355 4507 383 4560 in
394 4506 490 4562 dotem.
538 4508 608 4576 bita,
628 4528 708 4578 quam
720 4529 798 4579 supra
816 4511 865 4564 362
881 4528 937 4578 sqq·
