2662 5092
326 334 335 449 l

240 743 307 812 DE
337 743 506 811 OPERE
531 740 1071 814 METAMORPHOSEON.
1158 750 1196 819 15

137 881 325 986 Polyphemi
338 884 434 970 xm,
447 880 517 982 789
527 909 614 984 sqq,
625 881 842 956 Theocritum
852 901 927 957 ante
935 881 1053 959 oculos
1064 882 1195 959 hahuit.

134 1013 297 1090 Nonnulla
307 1013 479 1099 sumsitab
489 1011 650 1116 Euripide
662 1043 671 1088 :
683 1040 791 1114 neque
806 1031 914 1089 umen
927 1016 1112 1116 putandum
1127 1035 1194 1105 est,

133 1174 242 1248 presso
259 1175 337 1222 eum
356 1146 443 1248 pede
460 1162 612 1220 auctores
630 1145 708 1219 illos
725 1164 874 1221 secutum
893 1175 985 1237 esse,
1005 1150 1063 1224 sed
1080 1151 1126 1224 ita
1139 1177 1197 1224 eos

133 1279 290 1380 respexit,
315 1294 355 1351 ut
371 1277 482 1351 solent
507 1275 663 1378 praeclara
688 1279 821 1375 ingenia
848 1279 990 1354 aliorum
1013 1282 1145 1357 inventa
1161 1282 1198 1356 in

133 1439 224 1485 suum
239 1439 342 1485 usum
361 1426 560 1484 convertere.
575 1411 615 1482 ln
627 1409 831 1511 Tisiphones
844 1410 961 1485 habitu
979 1411 1197 1488 describendo

134 1543 184 1631 lV,
195 1540 287 1635 480,
298 1539 501 1615 concertavit
509 1566 584 1614 cum
597 1538 751 1634 Virgilio,
765 1569 906 1642 eumque
918 1540 1000 1616 adeo
1012 1545 1200 1643 superavit:

134 1691 158 1746 et
174 1702 249 1775 quae
267 1673 325 1748 ille
343 1673 384 1748 de
399 1672 524 1749 lumine
542 1701 604 1775 per
626 1689 747 1747 terram
758 1672 879 1749 'lissam
903 1675 939 1748 in
959 1693 1081 1749 tartara
1095 1704 1199 1778 pene-

135 1821 234 1879 trante
257 1805 372 1880 obiter
391 1822 538 1893 tantum,
562 1805 820 1906 comparationis
837 1815 959 1894 causa,
983 1806 1134 1897 dixerat,
1162 1836 1200 1882 ea

133 1937 253 2012 Noster
262 1939 308 2026 V,
325 1936 394 2010 356
406 1966 497 2040 sqq.,
510 1936 619 2013 multo
631 1935 750 2011 melius
763 1966 838 2011 cum
849 1938 1013 2026 Homero,
1029 1939 1088 2040 qui
1101 1939 1199 2014 etiam

133 2068 277 2165 Virgilio
301 2070 489 2171 praeiverat‘,
509 2070 672 2144 adhibuit.
690 2071 875 2172 superatur
891 2070 1025 2172 quidem
1042 2073 1129 2162 ΧΠ,
1157 2097 1199 2144 12

134 2227 219 2302 sqq„
235 2200 273 2274 in
282 2199 401 2275 -lahnla
411 2201 452 2275 de
465 2201 605 2276 dracone
620 2201 655 2274 in
669 2199 812 2304 lapidem
824 2204 1010 2301 mutatgab
1025 2206 1195 2293 Homer03

134 2331 186 2406 sed
207 2335 313 2421 Vlll,
333 2331 428 2435 738,
446 2333 482 2406 in
497 2333 734 2408 Erisiohthone
757 2335 909 2409 notando
926 2304 1080 2435 superior
1097 2335 1201 2410 Calli·

134 2463 267 2551 macho,
284 2482 372 2540 certe
383 2494 455 2539 non
469 2465 628 2555 deterior,
645 2465 820 2566 reperitur.
836 2464 983 2538 Laudem
995 2465 1100 2559 igitur
1114 2482 1148 2538 et
1163 2465 1199 2537 in

134 2592 207 2670 aliis
221 2596 372 2671 imitandis
391 2617 537 2673 meretur
556 2628 564 2672 :
582 2624 692 2698 neque
708 2624 787 2669 vero
806 2595 982 2668 inventionis
1000 2592 1197 2689 gluriacum

132 2728 282 2804 [laudare
300 2730 402 2805 decet.
420 2732 554 2805 Etenim
573 2759 645 2831 qua
663 2729 705 2802 ad
717 2727 859 2802 aliorum
871 2726 1091 2800 imitationem
1107 2755 1197 2800 com-

132 2863 259 2961 posuit,
276 2889 314 2936 ea
329 2863 499 2937 minimam
519 2860 714 2963 amplissimi
733 2859 844 2960 operis
865 2857 966 2958 hujus
980 2874 1109 2958 partem
1128 2856 1199 2932 cffi-

131 2991 241 3081 ciunt,
261 3021 366 3094 quum
377 2994 550 3068 innumera
559 2992 633 3066 loca
641 2991 740 3065 variis
752 2990 934 3064 virtutibus
948 2991 1084 3077 eximia,
1099 2991 1198 3064 innu-

131 3151 216 3198 mera
233 3122 409 3220 figmenta,
427 3124 579 3228 plurimu
594 3120 882 3224 amplificationes,
904 3121 1114 3209 notationes,
1137 3120 1197 3196 dc·

131 3256 340 3358 scriptiones,
349 3255 595 3357 dispositiones,
604 3253 849 3339 similitudines,
864 3252 992 3354 aliaque
1005 3273 1197 3328 ornamenta

132 3389 216 3478 siut,
232 3391 326 3492 quod
341 3391 506 3477 sciamus,
524 3388 631 3490 ipsius
649 3387 773 3462 Ovidii.
804 3389 911 3461 Famae
927 3387 1197 3488 prosopopoeiam

133 3549 340 3597 communem
354 3522 487 3622 quidem
498 3550 572 3595 cum
583 3519 726 3615 Virgilio
738 3518 858 3605 habct3
876 3518 934 3592 sed
948 3519 981 3591 in
994 3549 1030 3594 ea
1042 3521 1197 3616 lingenda

132 3679 227 3726 suum
246 3653 418 3749 ingenium
435 3668 568 3726 secutus
579 3668 652 3738 cst,
667 3646 758 3749 quod
773 3665 806 3721 et
821 3648 855 3721 in
868 3649 996 3737 Famis,
1013 3650 1149 3723 Invidia
1164 3667 1197 3723 et

134 3783 247 3858 Somni
261 3786 417 3886 personis
429 3784 624 3881 effingendis
640 3783 675 3856 in
693 3811 846 3877 magnam
860 3811 952 3858 suam
969 3783 1097 3858 laudem
1108 3783 1195 3857 lecit.

134 3916 293 4017 Lycaonis
311 3917 513 4018 impietatem
524 3935 558 3991 et
568 3944 699 4018 poenam
709 3943 779 3988 non
791 3915 861 4016 ipse
871 3917 991 4002 refert,
1011 3916 1068 3991 sed
1080 3919 1197 3991 Jovem

133 4065 316 4122 namantem
327 4049 467 4123 inducit.
486 4049 551 4123 ttic
569 4048 672 4144 igitur
684 4047 774 4121 haud
791 4046 891 4120 dubie
903 4047 974 4148 ipse
988 4073 1057 4120 rem
1070 4047 1116 4121 ita
1129 4047 1198 4120 dis-

135 4181 264 4280 posuit,
279 4201 318 4257 ut
336 4181 407 4257 caeli
424 4182 567 4278 regiam,
587 4198 786 4255 conventum
808 4181 977 4268 Deorum,
1006 4182 1027 4252 J
1030 4181 1099 4253 ovis
1113 4207 1198 4280 pra-

140 4312 251 4389 sidium
268 4315 371 4389 nohis
386 4332 462 4388 ante
480 4313 594 4388 oculos
611 4330 770 4415 poneret,
789 4313 959 4413 eidemque
982 4314 1054 4384 Deo
1073 4310 1197 4383 oratio-

142 4470 207 4520 nem
217 4449 382 4523 tribueret
392 4446 651 4534 disertissimam,
663 4444 837 4519 cuisahula
847 4446 887 4518 de
898 4443 1193 4542 Lycaoneintexta.
