2662 5092
290 763 808 831 METAMORPHOSEON
836 766 931 835 LIB.
960 768 1030 836 VI.
1126 765 1192 860 4⁴⁸7

131 907 170 977 ln
185 903 286 978 latere
296 902 402 976 ¹eriles
420 901 516 997 digiti
532 930 595 1002 pro
612 901 764 974 cruribus
780 901 926 975 haerent:

131 1020 246 1091 Cetera
263 1034 377 1090 venter
392 1015 514 1102 hahet;
531 1014 571 1088 de
589 1044 657 1116 quo
676 1034 785 1090 tamen
798 1015 855 1090 illa
871 1019 1009 1092 remittit

133 1133 287 1219 stamen,
307 1149 340 1206 ct
357 1131 510 1232 antiquas
526 1149 655 1204 exercet
670 1159 786 1205 aranea
803 1128 893 1205 telas.
1120 1138 1126 1153 '
1146 1154 1192 1225 14⁵

180 1249 224 1319 ll.
245 1247 348 1348 Lydia
366 1265 434 1321 tota
452 1246 581 1335 fremit;
600 1247 817 1347 Phrygiaque
832 1274 894 1347 per
909 1244 1034 1347 oppida
1050 1246 1126 1321 facti

134 1366 264 1437 Rumor
280 1365 327 1451 it,
347 1381 380 1438 et
396 1390 552 1458 magnum
568 1362 776 1439 sermonibus
796 1378 937 1463 occupat
954 1360 1079 1437 orbem.

132 1481 221 1552 Ante
240 1507 319 1552 suos
337 1479 445 1552 Niobe
464 1476 625 1552 thalamos
641 1496 842 1573 cognoverat
857 1477 964 1566 illam,

132 1596 220 1668 Tum
237 1623 339 1693 quum
358 1593 534 1669 Maeoniam
551 1595 645 1690 virgo
661 1594 879 1696 Sipylumque
893 1593 1045 1669 colebat:

132 1812 245 1846 mannus
261 1792 332 1846 dedit
344 1812 375 1846 es
387 1792 468 1846 tribus
476 1791 574 1856 MSS.;
585 1792 640 1847 vul·
686 1793 815 1864 lapideam
824 1794 851 1848 in
858 1794 962 1848 tumulo
975 1792 1195 1848 liberorum.Phi·

130 1890 166 1939 go
180 1878 232 1923 toto
243 1890 337 1939 quoque
348 1889 453 1937 corpore.
463 1870 536 1925 Licet
544 1869 640 1925 hebeat
687 1871 776 1927 lemoo
783 1872 903 1927 sabinde
911 1882 1000 1925 natam
1010 1871 1194 1938 arbitrabatur,

130 1959 218 2000 totum
238 1959 265 2000 et
283 1949 414 2017 integrum
435 1967 546 2017 corpus,
561 1968 639 2018 parva
689 1950 759 2022 quod
778 1952 861 2004 Niobe
880 1970 934 2022 pre
947 1950 1044 2004 doloris
1059 1951 1196 2020 magnitu-

129 2037 221 2079 tamen
235 2037 290 2090 est,
311 2037 337 2079 et
351 2027 440 2079 omnis
451 2027 508 2094 ejus
520 2027 640 2080 membra
690 2028 752 2082 dine
772 2028 837 2082 nihil
855 2028 975 2099 proloqui
997 2028 1119 2098 potuerit.
1142 2028 1198 2081 Nec

128 2114 193 2157 sunt
214 2104 293 2156 exilia.
317 2104 381 2156 Mor
402 2105 527 2158 Heinsius
553 2105 641 2158 mallet
689 2107 763 2160 aliter
776 2106 916 2161 Cic.Tusc.
926 2107 1197 2174 lli,25:Il'rbbefin-

130 2191 219 2236 venter
238 2186 304 2245 obri,
324 2183 369 2236 sed
388 2183 463 2237 maie.
482 2183 640 2254 Eleganter,
687 2188 879 2252 pentapoli-a,
892 2192 1133 2252 propinaturum,
1146 2201 1199 2235 cte-

132 2264 222 2314 eciem
243 2269 329 2314 venter
348 2264 436 2323 habet,
458 2272 520 2316 sunt
539 2273 640 2315 venter.
689 2265 737 2324 do,
764 2267 791 2315 ie
818 2266 886 2316 octa
910 2266 1044 2315 sileulebm.
1070 2260 1141 2314 ilinc
1164 2260 1196 2312 ab

133 2340 194 2405 111,
216 2339 295 2393 Trist.
320 2340 370 2406 IV,
390 2341 444 2407 46,
463 2343 540 2393 hoie!
558 2347 642 2394 celcra
691 2339 806 2394 AEschilo
824 2338 930 2393 inducta
946 2341 1032 2392 suerat
1052 2337 1138 2390 velato
1154 2355 1199 2389 ca-

127 2427 230 2487 ponms.
245 2421 322 2471 Obire
337 2418 424 2493 potius
444 2419 477 2472 de
496 2431 570 2486 actu,
588 2438 641 2488 quo
690 2420 751 2488 pite.
763 2417 1200 2486 ——Fremerehicnondeiudigne-

132 2508 252 2550 mutatur
263 2497 367 2566 aliquid.
380 2497 409 2564 l,
424 2500 643 2551 Sim-Exercet.
688 2497 759 2549 tione
773 2507 799 2550 et
814 2495 904 2550 dolore
917 2496 1082 2566 popularium
1095 2493 1198 2548 Anch-

132 2577 254 2631 Debcbat
269 2579 342 2646 sequi
356 2588 456 2644 artem,
473 2578 520 2632 sed
531 2578 593 2631 dixit
604 2586 643 2631 ie-
688 2594 735 2627 nes
746 2574 918 2643 capiendum,
936 2573 999 2639 secl,
1017 2583 1047 2625 ut
1059 2570 1192 2625 Sebirach.

130 2658 189 2713 las.
202 2656 346 2725 etquidem
358 2661 490 2724 antiquas,
515 2656 642 2726 pristinas.
688 2663 759 2705 recte
771 2651 906 2718 observat,
918 2651 951 2704 de
963 2653 1032 2704 sama
1040 2659 1197 2720 pervagante

134 2735 205 2789 Nam
216 2734 497 2789 exercercomniuoest
508 2745 625 2788 tractare.
689 2728 821 2800 Lydiam,
850 2731 911 2797 quia
934 2729 989 2782 hec.
1008 2727 1112 2798 dignior
1129 2729 1198 2781 sacto

168 2812 289 2879 rib-312.
314 2815 412 2873 Niobe,
438 2811 544 2865 Tantali
568 2811 641 2878 lilia,
690 2809 835 2873 Minervoe,
857 2827 936 2878 quam
954 2807 1107 2876 indignatio.
1120 2807 1199 2860 Pte-

131 2889 308 2959 Amphiouis,
324 2890 390 2958 regis
400 2888 539 2955 Thebani,
560 2908 642 2955 uxor,
690 2885 752 2938 drus
761 2924 768 2950 ‚
786 2887 818 2951 l,
832 2885 918 2940 sabula
933 2902 967 2951 V,
983 2903 1015 2937 no
1032 2903 1039 2937 ε
1055 2886 1151 2936 Rumor
1167 2886 1199 2935 de

128 2968 234 3037 copiosa
245 2967 317 3035 prole
330 2966 481 3036 superbietis
496 2976 523 3020 et
535 2965 644 3019 Latona
689 2968 793 3017 tibicine
799 2963 891 3029 freni!
902 2968 929 3016 in
942 2966 1046 3016 theatro.
1059 2962 1102 3016 De
1116 2961 1199 3014 Fama

129 3065 158 3100 se
167 3047 323 3116 preferens,
336 3046 452 3117 primum
464 3047 572 3100 orbatur
583 3045 643 3109 liliis
682 3042 791 3110 fremere
805 3051 861 3107 est,
876 3040 948 3106 xtl,
964 3040 1019 3108 74&
1031 3039 1102 3092 Male
1113 3036 1200 3104 noe,

130 3124 286 3194 filiabusque
296 3126 432 3194 omnibus,
446 3145 507 3178 mox
518 3126 572 3196 ipsa
580 3142 644 3178 mu·
690 3120 787 3190 Lydiea
804 3122 868 3172 tete.
879 3145 913 3158 -
930 3119 958 3168 ΙΙ
971 3136 1019 3185 per
1035 3117 1146 3183 oppida,
1170 3124 1201 3166 ot

131 3212 204 3256 tatur
227 3203 253 3254 in
274 3223 370 3255 sarum.
395 3203 493 3257 Fabula
519 3202 642 3257 amultis
690 3198 760 3268 apud
774 3198 931 3268 Virgilium,
942 3195 1109 3263 samaiim
1120 3197 1202 3247 urbes.

130 3282 314 3351 scriptoribus,
328 3283 417 3336 multis
427 3282 568 3352 deperditis
580 3295 639 3336 tra·
689 3278 804 3332 -Male
826 3277 951 3333 Heinsius
968 3274 1061 3329 suadet
1079 3291 1198 3340 mgnum

132 3358 239 3431 goediis,
258 3360 345 3412 multis
362 3360 558 3426 monumentis,
572 3360 643 3414 mul·
689 3362 784 3420 urben,
800 3356 894 3422 idest,
908 3353 1011 3410 Sardes
1030 3355 1118 3409 immo
1131 3351 1201 3405 sarua

132 3438 167 3491 tis
179 3436 292 3505 denique
305 3436 440 3506 epitaphiis
451 3437 586 3491 celebrata.
599 3436 641 3492 Cf.
689 3436 770 3504 serpit
788 3435 905 3504 primum
924 3451 972 3503 per
993 3431 1119 3504 Lydiam,
1138 3447 1200 3482 mox

134 3515 217 3568 Hom.
228 3514 256 3566 ll.
266 3523 291 3567 o
299 3553 306 3579 ,
314 3514 363 3566 bon
372 3533 426 3582 sqq.
436 3536 443 3576 ;
456 3512 606 3569 Callimaeh.
616 3513 642 3566 h.
690 3529 738 3578 per
748 3511 861 3565 vicinam
871 3510 1014 3583 Phrygiam
1021 3548 1028 3575 ,
1035 3506 1143 3563 mutem
1150 3525 1199 3576 per

134 3591 222 3661 Apoll.
230 3613 276 3656 au
291 3592 401 3644 Pausan.
410 3589 533 3645 Corinth.
541 3610 565 3660 p.
578 3592 641 3656 thoy
691 3597 777 3641 totum
789 3599 921 3640 terrarum
933 3589 1042 3652 orbem,
1059 3594 1199 3655 penetrat-

136 3668 257 3736 Apollod.
275 3670 330 3735 lli,
346 3687 372 3735 v,
386 3668 418 3734 b,
431 3667 512 3737 quiin
523 3667 643 3738 plurimis
692 3686 742 3735 que
751 3665 818 3719 adeo
830 3675 857 3719 et
867 3665 972 3719 Thebas
982 3665 1014 3718 ad
1026 3665 1137 3721 Nioben.

134 3748 264 3801 consentit
276 3767 336 3800 cum
345 3747 443 3801 Nostro
452 3755 494 3811 ;‘et
503 3746 580 3799 Diod.
591 3746 642 3801 Sic.
726 3749 779 3816 rip
792 3746 940 3804 Maeoniam,
961 3745 1141 3814 imprimisque
1153 3745 1200 3797 Si-

135 3823 186 3890 lV,
197 3829 227 3895 74
236 3849 243 3890 3
251 3825 435 3894 ScholEurip.
443 3824 474 3877 ad
484 3824 575 3879 Phoen.
587 3823 642 3890 rba,
686 3827 773 3896 pylum
786 3823 895 3876 colebat.
905 3823 973 3876 Nam
981 3826 1083 3897 Sipylus
1089 3833 1115 3876 et
1124 3840 1202 3875 mons

133 3922 148 3956 e
159 3901 306 3959 Cod.Voss.
318 3929 324 3969 ;
335 3904 433 3977 Hygin.
447 3903 535 3974 sabq,
549 3921 592 3967 ro,
605 3921 643 3954 ιι.
691 3912 719 3953 et
731 3899 792 3952 urbs
804 3900 902 3972 Lydia.
914 3901 982 3954 Plio.
995 3902 1039 3966 ll,
1051 3905 1090 3973 59.
1103 3900 1200 3953 Anam.

134 3980 643 4036 TractaveranthtcetHesiod.Phere·
692 3976 746 4033 Od.
772 3997 819 4043 ao,
840 3989 999 4032 annumerat
1017 3978 1124 4046 quidem
1141 3995 1200 4032 eam

132 4062 226 4134 cydes,
238 4062 387 4116 Hellanicus
399 4073 426 4114 et
435 4060 540 4129 plurimi
551 4069 642 4129 poete.
692 4057 830 4129 Phrygise;
843 4057 888 4112 sed
899 4057 980 4130 Lydia
989 4058 1070 4111 relata
1077 4057 1141 4109 olim
1151 4055 1201 4110 suit

132 4139 644 4209 SiguumvetustumNiobescumliberis
692 4136 815 4188 amuttis
835 4133 868 4188 sd
891 4136 1033 4207 Phrygiam
1062 4135 1197 4203 Magnam.

133 4217 377 4272 excellentissimum
390 4219 531 4273 Florentio
548 4237 642 4272 serva-
693 4213 753 4268 Vid.
765 4215 878 4282 Strabo,
892 4216 933 4282 11,
948 4235 972 4284 p.
985 4218 1025 4287 sq
1038 4214 1125 4268 Etiam
1139 4233 1200 4268 mox

134 4309 178 4350 tur
187 4336 194 4362 ,
204 4295 236 4347 de
246 4314 298 4362 quo
306 4296 460 4348 Winlelm.
470 4297 495 4348 in
507 4297 574 4350 Hist.
585 4299 642 4350 hrt.
692 4313 767 4348 versu
782 4315 843 4365 177,
854 4304 941 4363 gentes
952 4296 1072 4365 Phrygia.
1084 4293 1201 4348 Emes-

134 4375 391 4444 p.170,205,aab;
407 4374 643 4429 etiuhlooined.
692 4375 735 4427 nia
755 4394 814 4428 eam
831 4394 893 4430 cum
911 4374 1007 4443 Pelope
1023 4375 1052 4427 in
1065 4374 1199 4443 Pelopon-

135 4472 161 4504 n.
175 4454 215 4525 Rq
232 4452 372 4522 Palaephat.
382 4471 436 4522 cap.
447 4473 476 4525 9,
486 4453 645 4507 [abulamsic
691 4471 786 4506 nesum
799 4454 917 4520 venisse,
935 4463 1009 4522 putat
1027 4453 1148 4526 Heynius
1166 4450 1198 4504 ad

136 4530 371 4602 explicat,Nioben
380 4532 466 4588 secisse
475 4533 524 4588 sibi
530 4543 645 4588 statuam
693 4534 814 4605 Apollod-
827 4536 852 4590 d.
864 4536 880 4589 l.
893 4574 900 4602 ,
914 4536 963 4590 uisi
977 4537 1064 4606 potius
1075 4536 1103 4588 in
1117 4532 1200 4605 Lydia
