2662 5092
356 17 1269 349 u

107 848 263 925 „w-
346 782 397 867 ··²
549 819 825 889 russurro

130 930 144 1048 ,ο
155 960 235 1059 ra'go
248 960 333 1036 facta
344 979 395 1038 est
408 989 485 1062 pars
497 990 568 1034 non
584 962 702 1064 exigua
715 959 911 1041 eruditionis
930 960 1134 1047 Graecorum,
1151 987 1216 1059 qua

156 1093 279 1193 passim
301 1120 414 1166 omnes
432 1119 537 1192 prope
554 1087 749 1192 Scriptores,
764 1089 979 1194 philosophi,
997 1089 1143 1192 physici,
1162 1118 1216 1163 as-

156 1223 320 1312 tronomi,
340 1221 519 1325 geographi
543 1222 581 1296 in
601 1251 671 1298 rem
687 1251 781 1297 suam
806 1239 885 1296 sunt
906 1221 959 1295 usi
975 1252 984 1296 ε
1001 1239 1100 1323 atquc
1118 1220 1216 1296 etiam

152 1354 291 1430 artifices
308 1355 441 1457 mythos
457 1353 616 1456 operibus
630 1354 700 1428 suis
716 1371 958 1455 expresserunt.
977 1358 996 1394 *

203 1487 401 1561 Persuasum
412 1503 482 1561 erat
496 1485 636 1574 Grecis,
648 1512 748 1586 posse
761 1487 852 1559 Deos
864 1486 986 1581 figuras
1003 1486 1088 1560 dure.
1096 1504 1130 1559 et
1146 1486 1218 1559 adi-

153 1645 262 1704 mere;
291 1615 392 1718 idque
408 1617 525 1690 erebro
541 1644 611 1691 esse
628 1616 671 1690 ab
690 1616 731 1689 iis
747 1615 892 1704 sactum,
918 1633 957 1689 nt
977 1615 1028 1689 vel
1050 1616 1085 1689 in
1101 1635 1216 1690 sontes

153 1749 458 1838 animadverterent,
470 1747 522 1822 vel
535 1747 767 1823 laborantibus
779 1766 1007 1823 succurrerent
1019 1778 1026 1821 :
1038 1778 1136 1850 qum
1147 1751 1218 1850 opi-

153 1880 289 1954 nionem
306 1907 325 1953 a
342 1879 590 1967 sacerdotibus,
615 1879 701 1954 fictis
724 1878 878 1981 pluribus
902 1878 1076 1980 exemplis,
1094 1880 1217 1954 confir-

154 2033 276 2090 matam
293 2043 364 2089 esse
381 2014 549 2114 latiusque
563 2042 711 2115 sparsam
728 2014 908 2091 admodum
920 2033 971 2090 est
983 2014 1152 2090 credibile„
1162 2016 1218 2090 Sic

152 2147 276 2248 mythis
289 2145 388 2222 illatae
397 2163 478 2221 sunt
488 2145 750 2246 mommolus,
766 2158 839 2246 quae
850 2147 1033 2248 phantasia
1044 2165 1219 2248 poetarum

152 2277 257 2352 latum
269 2305 421 2379 campum
434 2277 711 2378 prasternebant,
727 2306 831 2378 quom
846 2276 896 2350 illi
913 2296 946 2351 et
957 2277 1107 2374 vulgatas
1121 2306 1219 2353 exos*

153 2428 273 2485 nerent
288 2411 528 2510 ingenioseque
541 2409 723 2498 volume,
738 2426 775 2482 et
793 2437 813 2484 a
828 2437 863 2484 se
880 2410 1029 2484 inventas
1047 2411 1216 2486 adderent.

152 2539 337 2615 Seironeidm
355 2540 491 2642 quidem
501 2541 645 2617 carmine
660 2538 780 2613 lusisse
797 2540 939 2626 scimus,
957 2568 1024 2640 qno
1040 2541 1218 2616 mulierum

154 2671 302 2767 origines
316 2698 381 2772 pro
389 2668 524 2765 ingenii
536 2682 657 2749 natura
671 2669 769 2774 variis
785 2698 826 2744 ex
841 2670 944 2745 rebus
960 2670 1146 2748 deduceres·
1165 2677 1218 2748 Ex

153 2799 394 2903 antiquissimis
409 2799 512 2897 hujus
529 2797 660 2894 generis
677 2798 801 2898 mythis
819 2799 973 2874 Homerus
986 2802 1168 2877 nonnullos
1184 2823 1219 2878 et

154 2931 311 3008 Hestbdm
327 2945 509 3006 servarunt.
534 2928 637 3029 Apud
648 2926 748 3011 ,illum
764 2929 853 3003 enim
868 2956 938 3004 non
955 2932 1057 3007 modo
1075 2935 1219 3010 Proteus

153 3064 362 3142 transformis
376 3061 537 3149 occm'rit,
551 3061 610 3147 sed
621 3078 655 3137 et
664 3060 764 3138 draco
776 3062 926 3164 quidam,
936 3066 1048 3140 Niobe
1058 3085 1092 3141 et
1104 3067 1219 3141 Pbaea·

155 3228 232 3276 cum
243 3198 337 3273 navis
348 3198 384 3270 in
396 3216 488 3283 saxu,
506 3195 667 3271 Pandarei
678 3214 788 3273 antem
800 3198 868 3273 filia
878 3200 914 3272 in
927 3199 1098 3276 lusciniam
1109 3220 1218 3276 mans

153 3333 232 3406 iisse
246 3329 414 3425 leguntur.
429 3329 471 3401 ln
486 3327 843 3426 Hesiodineogonia
858 3348 1029 3432 amputato
1048 3332 1218 3430 Gorgonis

155 3463 263 3566 capite
281 3460 448 3561 Chrysaor
469 3477 503 3534 et
519 3460 666 3556 Pegasus
687 3461 887 3562 prosiliunt,
905 3480 940 3538 et
962 3465 998 3538 in
1021 3465 1125 3540 altero
1147 3495 1219 3542 car

156 3599 262 3687 mine,
274 3595 368 3699 quod
380 3596 425 3670 ab
435 3597 608 3699 Operibus
620 3596 817 3699 inscriptum
829 3616 895 3687 est,
909 3599 1090 3675 Pandionis
1102 3599 1170 3701 lilia
1181 3602 1219 3675 in

156 3731 368 3807 hirundinem
378 3729 762 3829 transfonuatur.Atque
769 3729 857 3803 idem
866 3729 921 3804 ille
928 3731 965 3804 in
974 3733 1135 3830 rnutogo
1145 3762 1221 3808 mu·

156 3864 275 3940 lierum
292 3860 465 3963 deperdito
486 3859 593 3935 multo
610 3860 758 3961 plurium
774 3863 1086 3966 metamorphoseon
1104 3883 1222 3940 auctor

158 3996 273 4071 fuerat.
287 3997 364 4068 Hoc
377 3993 481 4089 igitur
491 3990 682 4092 mytborum
694 4020 798 4088 genus
812 4022 914 4095 quum
927 4012 961 4069 et
973 3972 1085 4095 ipsum
1097 3997 1222 4071 Graeeis

158 4126 317 4229 placeret,
331 4143 370 4198 ut
384 4124 442 4225 qui
453 4124 555 4197 rebus
565 4121 702 4198 ludicris
713 4123 920 4215 ducerentur,
935 4127 1146 4229 prodierunt,
1163 4132 1224 4230 qui

158 4258 193 4331 id
211 4276 418 4354 segregatum
434 4286 453 4331 a
469 4255 607 4358 reliquis
624 4274 810 4332 tractarent.
827 4257 1109 4351 Conirnmulier,
1129 4264 1224 4361 cujus

193 4472 291 4530 *Vide
304 4478 402 4547 Ilesm'i
411 4475 565 4529 Comment.
577 4475 609 4530 de
626 4477 726 4548 origine
738 4489 766 4532 et
777 4479 858 4533 causis
869 4479 937 4532 labb.
949 4479 1102 4545 Homeric,
1114 4479 1142 4532 in
1156 4479 1223 4533 Nos.

163 4569 345 4624 commentar.
356 4567 406 4622 vol.
418 4567 496 4622 tht.
511 4567 579 4622 Item
588 4566 741 4623 Commeat.
753 4569 785 4622 de
798 4569 951 4639 Apollodori
964 4569 1086 4623 Bibliotb.
