2662 5092
719 34 727 79 l

352 33 1251 351 Ι.

38 740 41 746 ’
131 767 176 851 54
408 767 446 830 r.
472 763 903 833 0v1n11unsours

130 899 265 1000 Quum,
285 932 357 1004 qnae
376 930 490 1004 pressa
505 902 562 976 diu
579 931 687 976 massa
703 901 826 977 latuere
845 904 908 978 sub
926 903 1002 992 illa,
1164 945 1198 998 7⁰
1250 949 1251 953 =

130 1026 245 1100 Sidera
262 1045 432 1126 coepemnt
449 1044 523 1100 toto
534 1025 748 1101 effervescere
765 1026 855 1100 caelo.

130 1151 204 1222 Neu
218 1148 310 1244 regio
324 1149 412 1223 soret
428 1147 497 1223 nlla
512 1149 583 1222 suis
598 1148 820 1222 animantibus
837 1150 938 1235 orba,

130 1273 232 1346 Astra
250 1290 361 1346 tenent
377 1271 505 1346 caeleste
523 1271 649 1360 solutu,
667 1272 848 1372 somraeque
865 1273 1034 1346 Deorum:

133 1396 313 1469 Cesserunt
329 1395 443 1469 nitidis
463 1394 650 1470 habitanda
667 1394 816 1495 piscibus
833 1394 954 1469 undae:

130 1520 232 1592 Terra
248 1518 333 1592 seras
350 1519 439 1619 cepit
457 1549 465 1591 ε
484 1518 633 1592 volueres
651 1518 817 1614 agitabilis
836 1546 899 1592 aer.

133 1642 285 1716 Sanctius
303 1643 355 1714 his
374 1641 511 1730 animal,
528 1642 714 1744 mentisque
733 1641 883 1742 capacius
901 1641 974 1714 altae

131 1765 253 1839 Deerat
270 1766 395 1853 adhue,
415 1783 449 1838 et
467 1765 558 1867 quod
577 1765 740 1839 dominari
759 1765 794 1838 in
810 1783 916 1839 cetera
930 1781 1053 1865 posset

131 1965 219 2035 parit,
246 1976 272 2018 et
290 1964 441 2017 defenditur
463 1984 478 2016 a
500 1964 643 2018 Gebhardo
691 1964 860 2033 eidemque}
870 1960 1204 2028 habenturnuminatsor-

136 2042 216 2112 Crep.
228 2043 258 2109 l,
276 2043 310 2104 6;
327 2061 479 2110 quanquam
491 2061 584 2111 parurn
597 2043 643 2093 ‹ti-
692 2064 749 2100 ara.
761 2051 858 2112 species
867 2042 995 2096 etsimilia
1003 2040 1204 2110 inservinntpe·

135 2140 218 2190 gnum
231 2131 270 2174 est
278 2120 413 2186 majestate
425 2119 565 2172 Creatoris.
575 2120 643 2173 Edd.
692 2122 811 2191 riphrasi.
824 2122 895 2174 lnlra
908 2121 952 2181 11,
971 2120 1002 2188 78
1013 2116 1204 2186 :serasera-

134 2198 264 2266 antiquoe,
287 2201 444 2250 discreverat.
456 2198 543 2251 Gisau.
556 2199 645 2251 mallet
692 2219 760 2266 ram,·
770 2202 843 2270 Virg.
852 2202 915 2254 AEn.
928 2200 999 2266 Vll,
1012 2197 1205 2267 18,jmeaela-

134 2278 306 2341 descrrjasaral.
319 2277 462 2341 Drssepe're,
481 2274 643 2340 describere,
688 2297 787 2346 porum
801 2277 856 2332 Cir„
867 2281 900 2332 N.
910 2278 943 2330 l).
955 2279 996 2341 ll,
1011 2280 1059 2343 40,
1067 2275 1205 2330 elderedi·

133 2353 244 2406 uerbum
263 2352 341 2421 paulo
356 2353 441 2405 rarius
463 2365 488 2406 et
504 2354 644 2422 poeticum.
692 2357 974 2424 cuntursorrnaerkrem
987 2352 1149 2418 Heroid.X,
1160 2355 1203 2426 9⁵⁸

134 2432 239 2486 Luca-et.
253 2434 282 2498 l,
301 2434 350 2505 99⁸
366 2452 430 2485 :aer
440 2436 547 2500 elersepr'l
558 2436 643 2486 ealles.
692 2439 829 2489 sr'sralacra
837 2431 1169 2500 Deomrraaslraelscm,
1182 2434 1208 2485 tr

136 2511 229 2565 Senec.
250 2511 324 2564 Med,
341 2511 403 2573 335,
423 2511 489 2564 sorte
508 2530 540 2564 ex
554 2521 645 2564 nostro
694 2519 736 2571 διὰ
748 2523 818 2570 auctr.

135 2589 192 2643 luco
208 2608 215 2642 ι
231 2592 303 2642 Beae
319 2593 428 2655 dessrplr'
435 2589 536 2657 sedere
553 2594 646 2643 muudi.
727 2597 765 2662 74.
784 2596 887 2646 rumis.
912 2594 966 2646 Pro
984 2590 1097 2661 eleganti
1115 2592 1206 2644 ue'lr'de‘s

168 2689 207 2738 7¹·
218 2668 473 2735 Esserrescereetiam
481 2668 645 2737 exquisitius,
695 2673 788 2726 Heius.
799 2674 869 2739 conj.
882 2678 973 2732 malis,
993 2681 1037 2723 aut
1048 2675 1136 2729 selah,
1159 2677 1206 2720 aut

137 2745 292 2814 quamquorl
303 2744 345 2798 alii
354 2784 361 2813 ,
371 2765 402 2798 ex
410 2747 646 2815 interpretatione,
693 2754 763 2806 udr's.
780 2768 894 2818 quorum
903 2749 1020 2817 primum
1031 2747 1154 2818 vulgas-e,
1167 2745 1208 2798 al-

136 2824 250 2888 habent;
263 2822 348 2877 sidera
359 2824 433 2876 enirn
444 2835 506 2878 sunt
517 2824 591 2895 ignes
592 2825 648 2892 ser-
694 2838 782 2881 terum
791 2827 925 2881 nimi'salte
935 2827 1086 2897 repetitum,
1096 2824 1205 2877 tertium

137 2912 227 2966 reales,
237 2904 648 2973 etscrre'dcssolpassimoccurrit
695 2908 808 2960 otiosum
820 2917 867 2960 est.
878 2935 912 2947 ·-
927 2909 1031 2958 ll'a'le'das
1044 2914 1136 2974 aptum
1146 2902 1207 2972 pis-

138 2983 236 3036 Lenzio
254 2983 280 3035 h.
293 3003 317 3034 v.
333 2981 405 3036 idem
417 3001 471 3035 esse
488 2982 646 3047 videbatur,
695 2985 1209 3056 ciumepitbeton‚proptersquamrum

138 3061 208 3128 quod
221 3081 286 3115 vers.
298 3083 346 3132 27,
359 3066 480 3122 carr'care,
494 3070 521 3114 et
534 3061 648 3115 oelerern
695 3064 835 3118 levitatem
847 3073 873 3116 et
883 3062 1060 3115 lubricitatem
1071 3081 1077 3114 ε
1089 3061 1145 3125 lx,
1158 3059 1208 3126 atil

139 3151 242 3194 motum
262 3142 290 3195 in
312 3140 447 3210 superiora
467 3139 522 3192 loca
540 3137 648 3208 signifi·
696 3140 729 3194 dc
747 3152 884 3210 serpente,
904 3158 1058 3208 samque
1072 3143 1153 3192 aer'lere
1166 3156 1209 3190 rc·

137 3218 649 3273 reseverunttuncsaltemscribendurn
696 3224 770 3273 cerelr'.
1208 3259 1209 3263 ,

137 3295 649 3367 suissetcffercescerca'rrcelrrrre,utVirq.
730 3301 769 3368 75.
782 3299 930 3365 A5e'lalr‘lr's.
946 3296 1209 3367 Signifimeeugrz

138 3373 285 3444 Georglib.
297 3376 319 3440 l,
330 3379 388 3446 471,
399 3374 517 3443 effervere
527 3379 554 3427 e'a
565 3394 648 3442 offas.
696 3379 793 3430 labiles.
805 3375 900 3429 Senec.
913 3376 947 3430 N.
960 3375 996 3443 Q.
1011 3374 1069 3439 Vl,
1085 3373 1129 3426 16:
1142 3373 1212 3425 nibal

138 3482 172 3494 -
181 3454 359 3521 Essemscere.
377 3456 445 3510 Edd.
463 3456 577 3524 antiquas
589 3455 650 3523 sal-
696 3463 736 3509 esl
752 3463 804 3509 lare
819 3459 944 3509 versabile
954 3461 981 3507 el
990 3458 1131 3522 agilalr'acc
1142 3471 1210 3520 με·

136 3553 252 3602 gescere,
266 3534 346 3588 MSS.
358 3535 490 3604 plerique,
505 3535 574 3604 iique
585 3554 649 3588 me·
697 3536 776 3595 deas,
793 3552 868 3600 quarn
881 3552 931 3584 aer.

138 3613 216 3666 liores
220 3612 361 3680 senescere
372 3614 454 3684 (quod
467 3615 567 3685 primus
580 3615 650 3669 Asu·
731 3611 770 3681 γᾶ
782 3613 901 3663 Sanctius
912 3613 952 3663 lr’s
962 3613 1062 3664 aciaral
1070 3619 1120 3662 ete.
1136 3606 1211 3663 Ori-

140 3692 215 3746 lanus
226 3691 359 3760 amplexus
368 3696 418 3758 est)
428 3705 472 3747 aut
482 3693 649 3761 effervescere.
698 3690 787 3759 ginem
800 3688 914 3743 hominis
926 3687 1063 3753 describit,
1078 3696 1211 3755 utpostss·

141 3771 202 3825 Hoc
213 3771 363 3840 exquisitius
380 3772 422 3825 elii
434 3772 462 3826 in
475 3773 590 3842 vulgaria
607 3773 650 3826 illa
698 3767 734 3820 lat
745 3769 801 3835 eius
811 3767 930 3836 dignitas.
944 3767 1006 3820 Non
1017 3765 1090 3818 enim
1101 3774 1211 3817 mutum

140 3859 167 3900 et
185 3849 260 3903 obvia
278 3852 415 3902 clarescere
434 3860 461 3903 et
482 3856 652 3919 splendescere
698 3855 726 3897 el
743 3855 819 3914 turpe
841 3864 920 3912 perus
942 3863 956 3896 e
977 3854 1048 3897 tem
1064 3843 1212 3911 emersimus

141 3938 286 3982 mutarunt.
698 3922 797 3978 ovidio
807 3921 867 3987 ,sed
875 3927 1004 3980 carrelias,
1017 3920 1078 3975 Deo
1084 3919 1211 3986 similius,

175 4026 214 4074 7²·
227 4007 298 4068 Sale,
312 4005 359 4060 sibi
374 4007 492 4076 propriis.
699 4012 776 4070 atque
789 4000 855 4053 adeo
866 3999 1015 4051 reverentia
1027 3996 1133 4069 dignius
1146 3999 1213 4051 ael-

175 4084 213 4153 73.
229 4083 323 4148 Etiam,
334 4091 406 4137 aslra
416 4096 479 4138 sunt
493 4091 648 4147 cremella,
699 4086 757 4136 mal.
764 4110 798 4123 —
808 4080 880 4149 Ergo
887 4080 1078 4148 comparativus
1088 4093 1139 4146 pro
1145 4076 1213 4148 posi·

141 4164 167 4215 in
177 4162 268 4232 primis
276 4182 306 4214 ex
315 4175 404 4216 mente
418 4163 568 4217 Stoicorum
577 4184 584 4216 t
592 4164 650 4218 vide
700 4161 752 4213 tivo
762 4162 830 4213 bene
841 4169 980 4228 usurpatur
992 4175 1063 4211 :non
1075 4156 1150 4209 enim
1161 4174 1214 4210 cu·

144 4243 199 4296 Cic.
209 4244 242 4296 N.
253 4241 287 4295 D.
300 4244 342 4309 ll,
360 4244 388 4295 ιθ
399 4255 425 4296 et
438 4265 466 4296 αι
479 4283 486 4307 ,
500 4262 650 4312 quanquam
700 4253 756 4295 tera
775 4240 897 4293 animalia
915 4249 1002 4294 sancta
1015 4247 1100 4289 erant.
1116 4238 1168 4289 Ed.
1180 4261 1214 4275 ·-·

143 4333 170 4376 et
181 4342 212 4375 ex
223 4321 348 4390 opinione
361 4321 438 4390 vulgi.
452 4319 517 4373 lnde
533 4326 599 4373 inlcr
608 4327 652 4375 sr'-
700 4321 851 4379 Mersella,
864 4318 949 4382 ratio,
960 4335 1017 4384 quac
1025 4314 1077 4367 alta
1084 4314 1212 4384 cogitare,

141 4404 202 4453 dcra
214 4400 310 4470 referri,
327 4399 417 4451 Deum
430 4398 536 4452 fieri—
550 4401 653 4454 Calcsle
700 4400 840 4466 cogitando
852 4420 878 4453 se
892 4398 923 4451 ael
935 4397 1028 4451 caelum
1040 4394 1159 4450 attollere
1169 4412 1214 4464 po·

141 4482 237 4539 sclam,
258 4478 352 4532 caelurn
368 4486 494 4547 tanquam
508 4478 651 4547 pavimen·
701 4488 758 4532 test.
779 4478 835 4530 Cic.
854 4477 912 4530 lllil.
927 4478 962 4527 8:
979 4478 1052 4528 homo
1069 4479 1215 4541 sepriense!

142 4566 200 4609 turn
210 4595 218 4622 ,
227 4576 280 4626 quo
288 4557 410 4612 insistunt
418 4555 517 4623 :saraca
524 4559 650 4623 Deorum,
700 4562 755 4611 alla
768 4565 795 4612 el
808 4561 894 4612 dr'rr'ra
909 4560 1016 4625 quadam
1028 4562 1109 4609 manle
1116 4556 1215 4623 prede*
