2662 5092
197 786 203 799 .
272 729 795 800 METAMORPHOSEON
824 734 924 802 LlB.
954 735 1009 804 11.
1112 729 1171 813 idi

56 889 72 920 t
175 897 252 962 inge
270 869 367 944 datos
379 896 516 943 currus:
532 869 611 969 quid
625 873 725 964 agar?
740 872 908 972 poterisne
924 876 1040 950 rotatis

56 1002 76 1033 ὓ
147 985 286 1058 Obvius
303 985 350 1057 ire
366 981 470 1084 polis,
488 1011 530 1056 ue
549 1000 580 1057 te
595 985 681 1058 citus
698 984 822 1058 auferat
838 986 933 1061 aris?
1141 1015 1172 1081 75

56 1117 65 1140 ⁸
123 1096 301 1172 Forsitan
318 1116 352 1171 et
368 1095 463 1171 lucos
482 1097 566 1184 illic,
583 1097 765 1197 urbesque,
787 1098 970 1199 domosque

56 1234 59 1249 '
134 1202 326 1314 Concipias
341 1212 473 1300 animo,
494 1212 698 1312 delubraque
714 1211 795 1285 ditia
811 1211 907 1286 donis

55 1343 62 1363 ⁶
135 1327 228 1402 Erae
243 1359 251 1403 τ
268 1358 329 1430 per
344 1327 481 1402 insidias
497 1328 561 1402 iter
579 1346 647 1416 est,
661 1327 848 1428 formasque
864 1327 1024 1402 ferarum:

55 1454 65 1477 '
131 1442 259 1547 lltque
274 1444 360 1518 viam
379 1463 508 1532 teneas,
525 1440 688 1544 nulloque
704 1471 813 1518 errore
831 1443 990 1532 trabaris3

55 1565 71 1593 ³
136 1558 209 1635 Per
225 1580 337 1636 tamen
353 1561 480 1635 adversi
499 1560 657 1656 gradieris
675 1589 797 1635 cornua
810 1562 928 1649 Tauri,
1138 1586 1171 1637 80

55 1676 76 1707 ⁸
152 1678 410 1776 Haemoniosque
426 1703 541 1764 arcus,
558 1674 760 1775 violentique
778 1705 836 1750 ora
852 1679 994 1764 Leonis,

55 1788 98 1827 '⁸
153 1791 308 1893 Saevaque
326 1791 467 1865 circuitu
485 1807 673 1864 curvantem
688 1790 824 1864 brachia
838 1790 940 1887 longo

58 1942 212 2033 R‘receti
230 1977 305 2033 Clau.
328 1975 384 2033 Cic.
400 1977 426 2031 h.
437 1996 505 2030 r.—
521 1979 615 2032 macic.
666 1990 696 2033 ut
712 1989 786 2033 tanto
802 1980 894 2035 lortius
910 1981 1042 2037 deterreat
1054 1983 1172 2037 animum

63 2023 223 2111 *locent
235 2063 340 2135 girran
354 2056 416 2111 binc
428 2058 520 2110 Burru.
533 2058 614 2111 etiam
666 2055 793 2110 audacem
811 2058 984 2114 Phaethontia
995 2078 1010 2112 a
1021 2062 1167 2132 proposito:

72 2126 332 2201 'hadebatffleaa
339 2135 427 2188 Nostri
436 2134 614 2189 Coddvr'uce't.
663 2134 715 2186 vid.
735 2135 808 2189 Alex.
829 2137 970 2194 Taaaoniur
986 2140 1013 2194 in
1028 2141 1105 2196 Pena.
1121 2141 1173 2195 div.

139 2218 177 2284 74,
189 2215 322 2265 Poterisne
336 2217 425 2264 rotatis
443 2222 491 2266 etc.
513 2210 615 2265 catum
665 2212 722 2279 lX,
740 2214 787 2276 ³t;
805 2234 885 2284 quem
898 2216 1011 2272 laudavit
1022 2219 1172 2275 Burmann.

93 2293 230 2345 timeam
247 2289 315 2343 circa
321 2292 396 2355 polos
409 2310 416 2340 .·
429 2288 456 2342 hi
474 2307 537 2360 ergo
555 2299 617 2343 runt
665 2289 795 2346 Recenset
807 2304 894 2348 autem
906 2296 1055 2351 saevissimas
1067 2310 1171 2353 tanturn

100 2368 184 2423 vetuti
194 2370 330 2421 mlecalr’.
342 2366 404 2420 Jam
415 2371 512 2420 obviarn
526 2373 563 2419 ire
572 2386 615 2420 ro-
664 2369 778 2436 formae,
792 2382 818 2424 et
827 2392 858 2424 ea
867 2372 894 2424 in
907 2375 998 2442 primic
1009 2377 1144 2442 nominat,
1157 2397 1172 2429 a

107 2447 166 2502 tans
177 2449 250 2515 potis
265 2455 304 2499 eat
315 2444 332 2497 i.
344 2463 369 2513 q.
381 2444 458 2514 paulo
470 2454 546 2507 aute,
566 2463 615 2495 ra·
665 2446 757 2513 quibua
764 2447 814 2500 illae
822 2442 1085 2503 muuenaaesunt.‘-
1095 2454 1177 2506 Tauri

105 2524 412 2584 ptdoorciconmmtt;
423 2524 616 2591 ramperpolos
664 2523 769 2592 signum
785 2524 823 2576 sol
844 2525 1040 2594 ingrediebatur
1059 2526 1098 2580 lV
1112 2527 1173 2582 Kal.

110 2619 181 2656 nunc
195 2600 306 2654 omnino
322 2600 415 2655 celum
434 2599 615 2670 intelligemus.
665 2601 748 2664 lllaii;
767 2600 860 2653 lllanil.
878 2602 908 2668 l,
933 2603 981 2655 516
998 2621 1004 2655 :
1021 2606 1173 2672 (tuae'quesub

110 2677 472 2732 noter-romahabett’ttn.
480 2677 616 2730 HistNat.
663 2683 996 2733 aeerstnmraarursniere
1009 2682 1092 2735 Ταυτὶ
1102 2683 1172 2755 Hyg.

109 2755 149 2825 Π,
161 2757 179 2809 3
189 2778 198 2821 ς
214 2752 352 2809 Claudiam
366 2756 402 2822 V,
413 2761 474 2824 527,
486 2759 543 2807 daur
554 2762 619 2807 rotet
665 2756 1171 2823 Astron.lll,2o:l!1'c'l'aururarersas

106 2834 271 2902 amplus,
284 2832 329 2884 ubi
339 2830 450 2884 Gesner.
461 2840 544 2896 notat,
557 2830 617 2899 pul·
664 2839 744 2887 oritur
756 2843 782 2887 et
794 2837 894 2888 occidit.
909 2834 980 2888 Hinc
993 2835 1124 2908 Scaliger,
1137 2837 1170 2891 ad

107 2910 195 2964 cbram
203 2928 262 2964 me
269 2909 443 2979 phantasiam,
451 2909 522 2976 quasi
530 2918 618 2961 motus
665 2913 758 2966 Manil.
767 2933 791 2981 p.
801 2933 830 2985 q,
842 2914 994 2982 contendit,
1006 2925 1032 2968 et
1042 2915 1175 2970 bicarerse‘

106 2989 264 3060 principium
272 2989 339 3041 sitin
349 3007 393 3040 are
401 2988 455 3056 illo,
463 2988 529 3041 circa
537 3006 617 3056 quem
664 2989 807 3060 legendum
819 3009 881 3044 esre.
894 2991 932 3044 Ar
941 3010 1014 3046 nunc
1024 3011 1078 3045 non
1093 3014 1172 3064 quar-

105 3069 195 3122 ntum
206 3068 329 3122 vertitur.
350 3067 441 3134 ltaque
460 3076 487 3120 et
506 3065 618 3120 Ovidius
665 3066 748 3134 ritur,
762 3065 895 3135 quomodo
904 3067 932 3120 in
944 3068 1036 3121 carlum
1047 3071 1135 3124 veniat
1146 3083 1174 3125 et

107 3144 192 3210 addit,
209 3165 244 3200 ne
257 3151 283 3196 le
293 3148 361 3197 citas
373 3154 421 3196 etc.
664 3143 727 3198 inde
736 3144 844 3198 decedat
853 3184 861 3212 ,
870 3144 915 3199 aed
926 3165 979 3214 quo
986 3158 1092 3216 spectet
1101 3151 1179 3217 tiber·¹

138 3223 177 3294 76.
195 3224 352 3289 Duosque.
365 3216 451 3272 Codd.
464 3219 547 3272 nostri
558 3217 618 3271 BR.
664 3227 707 3273 ta!
715 3232 803 3275 autern
809 3225 847 3273 ad
850 3229 961 3275 exortunr
970 3227 1063 3276 soleae:
1072 3225 1171 3298 Hygin.

106 3303 225 3356 onan„
666 3296 772 3351 Astron
786 3298 829 3364 ll,
845 3318 884 3353 ar.
901 3299 983 3369 igitur
995 3304 1096 3354 adversi
1102 3303 1172 3357 reti·

140 3401 180 3451 77.
198 3380 336 3447 Conceptus
353 3382 444 3431 anemo.
461 3377 619 3439 benigu—
665 3373 793 3429 nendum.
824 3375 864 3429 Eo
884 3376 938 3445 ipso
957 3377 1077 3432 terribilia
1098 3390 1171 3448 erat,

107 3455 436 3526 Daa's,inqmbuavaaain
445 3455 534 3524 primis
540 3472 618 3508 sacra.
666 3452 737 3520 quod
743 3457 880 3517 παίνεται,-
894 3456 1170 3511 contraarerse'adver-

106 3537 141 3590 cs.
151 3535 244 3605 Virgit
257 3533 364 3588 AEneid.
380 3534 409 3599 l,
422 3534 478 3600 446.
487 3536 619 3586 -Forma
666 3541 738 3584 satur
747 3531 853 3584 consilio
865 3531 966 3584 Phoebi.

104 3613 223 3681 serm
234 3623 295 3666 cunt
308 3612 370 3664 serre
380 3611 441 3680 ipsa
452 3629 458 3662 z
471 3608 528 3663 vide
540 3608 572 3661 ad
588 3609 620 3676 l,
700 3610 979 3688 dullaemraeosarcas.
991 3610 1170 3682 Sagittarium,

109 3692 299 3761 73.-·lasa'da'e
309 3690 409 3759 elfere,
419 3692 441 3742 la
454 3690 494 3743 tui
505 3695 575 3753 uuo,
584 3689 619 3739 le·
668 3686 712 3757 qui
724 3686 832 3757 lingitur
842 3707 903 3740 arca
916 3697 1005 3755 tenco,
1017 3692 1090 3759 quari
1102 3694 1171 3744 mit-

106 3790 145 3826 re
165 3770 326 3826 insidianter
352 3769 506 3840 Intelligunt
531 3777 619 3820 autern
668 3764 1010 3832 tcreincipiens.Haeurona'os
1020 3788 1066 3822 acu
1080 3767 1171 3822 Thea-

106 3850 194 3904 ridera
208 3848 330 3915 zodiaci,
345 3867 403 3917 quae
416 3857 547 3901 certarum
562 3845 620 3898 ani·
666 3841 755 3895 salicos
767 3841 829 3907 (vid.
842 3840 875 3894 ad
887 3843 900 3896 l
908 3882 915 3910 ,
930 3844 988 3910 568)
999 3885 1006 3910 ,
1018 3846 1080 3915 quia
1090 3866 1169 3900 com-

107 3928 241 3982 mantiam
259 3926 355 3997 figuras
376 3927 505 3978 referunt.
524 3950 558 3962 -
585 3923 622 3973 Ut
668 3920 753 3989 plures
764 3919 910 3988 tradebant,
919 3920 989 3975 huuc
1001 3923 1170 3994 Sagittarium

103 4014 210 4069 teneas,
232 4005 302 4075 finge
320 4015 344 4056 te
363 4015 462 4056 tenere.
479 4029 512 4041 -
530 4002 621 4052 Errare
668 3997 1127 4074 antcasuicaeCeutaurumzllygin.
1140 4008 1171 4060 P.

104 4089 180 4139 trahi
190 4083 340 4153 exquisitius
354 4100 433 4151 quam
449 4098 537 4133 errare.
668 4079 700 4131 A.
722 4078 762 4146 11,
781 4100 820 4149 27.
843 4079 970 4136 Centauri
988 4093 1076 4137 autem
1097 4098 1172 4141 erant

140 4165 183 4217 80.
204 4167 253 4216 Per
265 4170 348 4214 lamen
364 4163 470 4213 adversi.
492 4157 620 4226 Loquitur
668 4157 791 4213 Thessali.

103 4244 157 4309 ita,
172 4251 204 4294 ut
214 4240 252 4295 col
265 4240 356 4293 omnia
368 4238 415 4291 ista
427 4237 499 4306 signa
510 4253 565 4287 uno
577 4233 619 4286 die
699 4236 738 4287 82.
748 4237 868 4289 Brachia.
884 4234 972 4292 Chele
983 4239 1101 4312 Seorpii,
1115 4260 1173 4310 quae

105 4339 264 4390 percurrere
278 4317 416 4381 rideatur,
432 4334 489 4384 quae
501 4333 557 4365 non
572 4312 621 4364 nisi
669 4313 1173 4381 etiarncomnaetfurcaedicuntur.Cur·

104 4398 206 4470 integri
228 4398 292 4451 anni
315 4395 398 4464 spatio
416 4392 566 4462 pereurrit;
592 4391 620 4442 in
668 4402 710 4443 vat
718 4392 903 4462 brachialongo
911 4400 1023 4458 cricur'tu,
1037 4396 1174 4464 quiainte·

106 4496 162 4547 quo
173 4476 262 4530 utitur
272 4473 377 4527 licentia
389 4472 471 4541 poetis
485 4488 620 4533 concessa,
669 4469 708 4537 gri
725 4470 790 4538 signi
801 4472 914 4538 spatium
927 4474 1096 4540 occupabant,
1107 4490 1175 4525 verr.

226 4574 306 4641 Ill.
1001 4592 1039 4635 ro
