2662 5092
9 767 13 775 ι
138 748 177 791 ro
523 721 816 789 PRAEFATIO

129 886 243 934 omnes
257 858 425 933 communi
441 859 702 961 metamorphosi
725 856 965 960 complectitur.
988 857 1075 956 Qua
1090 859 1191 960 paulo

131 1009 207 1066 aute
220 990 261 1064 de
275 990 362 1064 saxis
379 989 462 1080 dixi,
480 1018 519 1095 ea
534 1008 568 1066 et
581 990 621 1066 de
633 1019 719 1092 aqua
734 988 851 1064 valent.
873 988 938 1064 Sed
948 989 1095 1089 inhujus
1105 1019 1192 1092 quo-

28 1184 31 1195 .
131 1151 196 1224 que
210 1123 407 1199 uniformem
415 1141 567 1200 naturam
576 1125 777 1199 mutationes
790 1125 933 1200 suaviter
942 1141 1063 1199 narrat
1075 1122 1188 1232 Cyane,

130 1257 178 1346 V,
198 1257 289 1350 428,

211 1459 261 1479 ...
282 1419 411 1496 Quarum
422 1418 514 1481 iuerat
526 1440 659 1503 magnum
675 1419 763 1481 modo
776 1440 901 1498 numen,
914 1418 946 1479 in
960 1417 1022 1481 illas

209 1524 388 1587 Extenuatur
400 1546 486 1607 aquas
498 1525 622 1587 :molliri
637 1525 761 1587 membra
774 1525 901 1601 videres,

209 1627 283 1689 Ossa
297 1631 354 1711 pati
369 1629 473 1705 flexus,
486 1651 596 1715 ungues
608 1629 739 1712 posuisse
752 1630 878 1715 rigorem
894 1654 902 1692 ε

209 1735 358 1816 Primaque
373 1736 407 1797 de
423 1748 483 1798 tota
497 1735 662 1797 tenuissima
676 1756 799 1817 quaeque
813 1736 993 1818 liquescunt,

210 1839 333 1902 Coerulei
347 1842 455 1917 crines,
467 1840 624 1926 digitique,
633 1855 665 1904 et
675 1864 776 1918 crura,
786 1841 947 1924 pedesque;

208 1948 281 2007 Nam
295 1946 387 2009 brevis
398 1948 429 2009 in
440 1948 545 2033 gelidas
556 1949 689 2012 memhris
700 1949 819 2011 exilibus
830 1949 919 2012 undas

208 2051 359 2113 Transitus
373 2065 416 2114 est
427 2075 434 2111 :
446 2065 512 2134 post
525 2054 585 2114 haec
603 2067 789 2139 tergumque,
803 2053 990 2137 humerique,
1002 2052 1147 2136 latusque,

209 2161 387 2240 Pectoraque
401 2161 431 2219 in
447 2171 547 2222 tenues
563 2159 669 2222 abeunt
685 2160 799 2223 evanida
813 2162 901 2223 rivos.

206 2265 339 2347 Denique
354 2289 409 2349 pro
424 2267 491 2330 viro
504 2268 613 2329 vitiatas
624 2270 760 2352 sanguine
774 2290 859 2331 venas

210 2372 338 2454 Lympha
352 2372 442 2450 subit,
456 2385 600 2455 restatque
613 2375 702 2452 nihil,
719 2375 799 2456 quod
811 2376 949 2458 prendere
961 2374 1060 2460 possis·

129 2509 225 2589 Tolle
240 2511 340 2587 verba
356 2513 445 2587 Num
459 2512 554 2588 brecti
581 2557 621 2572 ·-
641 2513 678 2588 T
675 2515 805 2589 ruuulus
819 2528 887 2602 est,
916 2513 1038 2616 quihus
1053 2513 1191 2589 minime

131 2675 217 2747 opus
229 2664 316 2736 erat,
332 2647 504 2750 etreliqua
517 2646 670 2751 preclare
682 2648 861 2725 sehabent.
874 2651 1022 2738 Rursus,
1036 2650 1080 2739 V,
1094 2646 1188 2735 632,

129 2780 296 2858 Arethusa
311 2782 351 2859 de
368 2812 423 2858 se:

210 2942 342 3024 Occupat
356 2941 487 3003 obsessos
501 2941 589 3004 sudor
603 2941 674 3003 mihi
689 2942 806 3029 frigidus
819 2956 914 3020 artus,

212 3047 408 3129 Caeruleaeque
423 3047 527 3108 cadunt
540 3059 603 3110 toto
615 3050 650 3110 de
663 3070 786 3131 corpore
800 3063 907 3135 guttae3

210 3153 333 3234 Quaque
346 3150 452 3234 pedem
461 3153 555 3229 movi,
569 3165 664 3215 manat
673 3154 756 3216 locus
766 3199 776 3233 ,
787 3175 861 3236 eque
877 3155 985 3238 capillis
1090 3166 1094 3173 '

208 3263 271 3323 llos
286 3261 368 3322 cadit.

130 3405 302 3481 Interdum
310 3403 473 3481 nonnulla
479 3404 565 3481 liunt
576 3407 665 3482 iuter
673 3408 903 3495 mutationem,
915 3424 972 3481 aut
978 3404 1191 3507 proferuntur

130 3539 247 3627 abiis,
266 3569 351 3642 quos
367 3539 472 3617 fatum
486 3541 571 3617 illud
588 3544 764 3644 opprimit,
783 3559 821 3615 ut
833 3543 894 3628 lv,
914 3539 983 3642 575
997 3568 1093 3642 sqq,
1112 3539 1190 3614 dum

134 3671 270 3749 Codrum
286 3692 320 3750 et
335 3677 510 3753 Hannone
525 3695 696 3780 serpentes
711 3676 813 3765 liunt;
827 3693 862 3751 et
872 3677 939 3766 IX,
957 3673 1042 3765 355,
1056 3675 1191 3777 Dryope

132 3807 242 3883 arhor.
261 3811 348 3885 Sunt
366 3813 464 3887 etiam
479 3813 619 3902 fabule,
638 3813 672 3885 in
691 3810 814 3913 quihus
826 3810 984 3885 transitus
996 3809 1192 3913 ipsepaucis

122 3961 345 4035 memoratur,
364 3945 423 4019 sed
437 3943 669 4047 descriptionis
682 3944 757 4019 loco
774 3945 977 4045 comparatio
992 3944 1136 4019 additur.
1151 3942 1191 4016 ld

133 4076 229 4176 quale
246 4078 304 4166 sit,
323 4106 363 4153 ex
375 4080 444 4167 IX,
461 4077 612 4178 219-25,
631 4095 664 4150 et
678 4075 763 4166 266,
781 4075 1002 4174 intelligitur:

208 4252 309 4332 thue
323 4270 415 4311 novus
430 4270 562 4331 serpens,
577 4252 668 4333 posita
684 4273 748 4312 cum
760 4251 833 4334 pelle
848 4265 977 4331 senecta,

207 4355 362 4417 Luxuriare
376 4353 464 4430 solet,
479 4376 648 4435 squamaque
663 4356 753 4418 virere
767 4358 893 4428 recenti;

210 4459 257 4520 Sic
274 4458 322 4519 uhi
336 4457 467 4522 mortales
480 4457 650 4539 Tirynthius
663 4460 740 4521 eruit
750 4472 845 4535 artus,
