<?xml version="1.0" encoding="UTF-8"?>
<!DOCTYPE html PUBLIC "-//W3C//DTD XHTML 1.0 Transitional//EN"
    "http://www.w3.org/TR/xhtml1/DTD/xhtml1-transitional.dtd">
<html xmlns="http://www.w3.org/1999/xhtml" xml:lang="en" lang="en">
 <head>
  <title>
</title>
<meta http-equiv="Content-Type" content="text/html;charset=utf-8" />
  <meta name='ocr-system' content='tesseract 3.04.00' />
  <meta name='ocr-capabilities' content='ocr_page ocr_carea ocr_par ocr_line ocrx_word'/>
</head>
<body>
  <div class='ocr_page' id='page_1' title='image "./publiiovidiinas01massgoog/publiiovidiinas01massgoog_0405.png"; bbox 0 0 2662 5092; ppageno 0'>
   <div class='ocr_carea' id='block_1_1' title="bbox 138 717 206 813">
    <p class='ocr_par' dir='ltr' id='par_1_1' title="bbox 138 717 206 813">
     <span class='ocr_line' id='line_1_1' title="bbox 138 717 206 813; baseline -0.029 -26"><span class='ocrx_word' id='word_1_1' title='bbox 138 717 206 813; x_wconf 84' lang='grc'><strong>376</strong></span> 
     </span>
    </p>
   </div>
   <div class='ocr_carea' id='block_1_2' title="bbox 415 708 922 784">
    <p class='ocr_par' dir='ltr' id='par_1_2' title="bbox 415 708 922 784">
     <span class='ocr_line' id='line_1_2' title="bbox 415 708 922 784; baseline -0.002 -3"><span class='ocrx_word' id='word_1_2' title='bbox 415 714 455 781; x_wconf 90' lang='lat' dir='ltr'><strong>P.</strong></span> <span class='ocrx_word' id='word_1_3' title='bbox 485 712 666 784; x_wconf 86' lang='lat' dir='ltr'>OVIDII</span> <span class='ocrx_word' id='word_1_4' title='bbox 689 708 922 780; x_wconf 83' lang='lat' dir='ltr'>NASONIS</span> 
     </span>
    </p>
   </div>
   <div class='ocr_carea' id='block_1_3' title="bbox 136 853 1172 1536">
    <p class='ocr_par' dir='ltr' id='par_1_3' title="bbox 138 853 905 949">
     <span class='ocr_line' id='line_1_3' title="bbox 138 853 905 949; baseline -0.009 -17"><span class='ocrx_word' id='word_1_5' title='bbox 138 860 207 933; x_wconf 88' lang='lat' dir='ltr'><strong>Ore</strong></span> <span class='ocrx_word' id='word_1_6' title='bbox 224 857 394 930; x_wconf 82' lang='lat' dir='ltr'><strong>Medusaeo</strong></span> <span class='ocrx_word' id='word_1_7' title='bbox 412 855 536 929; x_wconf 82' lang='lat' dir='ltr'>silicem</span> <span class='ocrx_word' id='word_1_8' title='bbox 553 855 624 928; x_wconf 85' lang='lat' dir='ltr'><strong>sine</strong></span> <span class='ocrx_word' id='word_1_9' title='bbox 639 854 799 949; x_wconf 82' lang='lat' dir='ltr'><strong>sanguine</strong></span> <span class='ocrx_word' id='word_1_10' title='bbox 814 853 905 927; x_wconf 81' lang='lat' dir='ltr'><strong>iecit</strong></span> 
     </span>
    </p>

    <p class='ocr_par' dir='ltr' id='par_1_4' title="bbox 136 967 1172 1536">
     <span class='ocr_line' id='line_1_4' title="bbox 186 967 1172 1066; baseline -0.004 -20"><span class='ocrx_word' id='word_1_11' title='bbox 186 975 356 1046; x_wconf 84' lang='lat' dir='ltr'><strong>Hactenus</strong></span> <span class='ocrx_word' id='word_1_12' title='bbox 372 971 536 1066; x_wconf 75' lang='lat' dir='ltr'><strong>aurigena</strong></span> <span class='ocrx_word' id='word_1_13' title='bbox 551 970 705 1044; x_wconf 85' lang='lat' dir='ltr'><strong>comitem</strong></span> <span class='ocrx_word' id='word_1_14' title='bbox 722 968 879 1054; x_wconf 77' lang='lat' dir='ltr'><strong>Tritonia</strong></span> <span class='ocrx_word' id='word_1_15' title='bbox 891 967 988 1041; x_wconf 82' lang='lat' dir='ltr'><strong>fratri</strong></span> <span class='ocrx_word' id='word_1_16' title='bbox 1134 989 1172 1042; x_wconf 78' lang='lat' dir='ltr'><strong>sto</strong></span> 
     </span>
     <span class='ocr_line' id='line_1_5' title="bbox 139 1082 1010 1183; baseline -0.009 -20"><span class='ocrx_word' id='word_1_17' title='bbox 139 1091 180 1163; x_wconf 89' lang='lat' dir='ltr'><strong>Se</strong></span> <span class='ocrx_word' id='word_1_18' title='bbox 199 1087 312 1160; x_wconf 82' lang='lat' dir='ltr'>dedit:</span> <span class='ocrx_word' id='word_1_19' title='bbox 327 1086 403 1161; x_wconf 93' lang='lat' dir='ltr'><strong>inde</strong></span> <span class='ocrx_word' id='word_1_20' title='bbox 421 1115 497 1160; x_wconf 86' lang='lat' dir='ltr'>cava</span> <span class='ocrx_word' id='word_1_21' title='bbox 516 1085 717 1160; x_wconf 84' lang='lat' dir='ltr'><strong>circumdata</strong></span> <span class='ocrx_word' id='word_1_22' title='bbox 733 1084 825 1157; x_wconf 90' lang='lat' dir='ltr'><strong>nube</strong></span> <span class='ocrx_word' id='word_1_23' title='bbox 843 1082 1010 1183; x_wconf 82' lang='lat' dir='ltr'>Seriphon</span> 
     </span>
     <span class='ocr_line' id='line_1_6' title="bbox 137 1198 957 1304; baseline -0.009 -26"><span class='ocrx_word' id='word_1_24' title='bbox 137 1204 288 1292; x_wconf 80' lang='lat' dir='ltr'><strong>Deserit,</strong></span> <span class='ocrx_word' id='word_1_25' title='bbox 307 1232 325 1276; x_wconf 91' lang='lat' dir='ltr'>a</span> <span class='ocrx_word' id='word_1_26' title='bbox 343 1202 456 1277; x_wconf 84' lang='lat' dir='ltr'><strong>dextra</strong></span> <span class='ocrx_word' id='word_1_27' title='bbox 474 1202 608 1303; x_wconf 84' lang='lat' dir='ltr'><strong>Cythno</strong></span> <span class='ocrx_word' id='word_1_28' title='bbox 627 1202 804 1304; x_wconf 78' lang='lat' dir='ltr'><strong>Gyaroque</strong></span> <span class='ocrx_word' id='word_1_29' title='bbox 819 1198 957 1274; x_wconf 85' lang='lat' dir='ltr'><strong>relictis.</strong></span> 
     </span>
     <span class='ocr_line' id='line_1_7' title="bbox 140 1313 1095 1419; baseline -0.003 -27"><span class='ocrx_word' id='word_1_30' title='bbox 140 1320 284 1419; x_wconf 85' lang='lat' dir='ltr'><strong>Quaque</strong></span> <span class='ocrx_word' id='word_1_31' title='bbox 299 1347 401 1419; x_wconf 86' lang='lat' dir='ltr'><strong>super</strong></span> <span class='ocrx_word' id='word_1_32' title='bbox 415 1336 557 1419; x_wconf 91' lang='lat' dir='ltr'><strong>pontum</strong></span> <span class='ocrx_word' id='word_1_33' title='bbox 575 1319 626 1391; x_wconf 87' lang='lat' dir='ltr'><strong>via</strong></span> <span class='ocrx_word' id='word_1_34' title='bbox 640 1317 711 1390; x_wconf 84' lang='lat' dir='ltr'><strong>visa</strong></span> <span class='ocrx_word' id='word_1_35' title='bbox 726 1314 937 1403; x_wconf 84' lang='lat' dir='ltr'><strong>brevissima,</strong></span> <span class='ocrx_word' id='word_1_36' title='bbox 954 1313 1095 1403; x_wconf 84' lang='lat' dir='ltr'><strong>Thebas,</strong></span> 
     </span>
     <span class='ocr_line' id='line_1_8' title="bbox 136 1433 1061 1536; baseline 0.002 -31"><span class='ocrx_word' id='word_1_37' title='bbox 136 1436 398 1536; x_wconf 72' lang='lat' dir='ltr'><strong>virgineumque</strong></span> <span class='ocrx_word' id='word_1_38' title='bbox 416 1433 577 1508; x_wconf 83' lang='lat' dir='ltr'><strong>Helicona</strong></span> <span class='ocrx_word' id='word_1_39' title='bbox 593 1434 699 1534; x_wconf 72' lang='lat' dir='ltr'><strong>petit,</strong></span> <span class='ocrx_word' id='word_1_40' title='bbox 719 1461 787 1533; x_wconf 90' lang='lat' dir='ltr'><strong>quo</strong></span> <span class='ocrx_word' id='word_1_41' title='bbox 802 1449 920 1506; x_wconf 88' lang='lat' dir='ltr'><strong>monte</strong></span> <span class='ocrx_word' id='word_1_42' title='bbox 936 1433 1061 1533; x_wconf 85' lang='lat' dir='ltr'><strong>potita.</strong></span> 
     </span>
    </p>
   </div>
   <div class='ocr_carea' id='block_1_4' title="bbox 139 1548 933 1641">
    <p class='ocr_par' dir='ltr' id='par_1_5' title="bbox 139 1548 933 1641">
     <span class='ocr_line' id='line_1_9' title="bbox 139 1548 933 1641; baseline -0.005 -16"><span class='ocrx_word' id='word_1_43' title='bbox 139 1553 321 1641; x_wconf 89' lang='lat' dir='ltr'><strong>Constitit,</strong></span> <span class='ocrx_word' id='word_1_44' title='bbox 339 1571 372 1625; x_wconf 91' lang='lat' dir='ltr'><strong>et</strong></span> <span class='ocrx_word' id='word_1_45' title='bbox 389 1552 503 1625; x_wconf 87' lang='lat' dir='ltr'><strong>doctas</strong></span> <span class='ocrx_word' id='word_1_46' title='bbox 521 1552 569 1623; x_wconf 89' lang='lat' dir='ltr'><strong>sie</strong></span> <span class='ocrx_word' id='word_1_47' title='bbox 584 1568 635 1623; x_wconf 86' lang='lat' dir='ltr'><strong>eat</strong></span> <span class='ocrx_word' id='word_1_48' title='bbox 651 1548 759 1623; x_wconf 79' lang='lat' dir='ltr'>adfata</span> <span class='ocrx_word' id='word_1_49' title='bbox 776 1576 933 1622; x_wconf 86' lang='lat' dir='ltr'><strong>sorores:</strong></span> 
     </span>
    </p>
   </div>
   <div class='ocr_carea' id='block_1_5' title="bbox 1134 1568 1174 1625">
    <p class='ocr_par' dir='ltr' id='par_1_6' title="bbox 1134 1568 1174 1625">
     <span class='ocr_line' id='line_1_10' title="bbox 1134 1568 1174 1625; baseline 0 0"><span class='ocrx_word' id='word_1_50' title='bbox 1134 1568 1174 1625; x_wconf 69' lang='lat' dir='ltr'><strong>aa</strong></span> 
     </span>
    </p>
   </div>
   <div class='ocr_carea' id='block_1_6' title="bbox 141 1662 1000 1881">
    <p class='ocr_par' dir='ltr' id='par_1_7' title="bbox 141 1662 1000 1881">
     <span class='ocr_line' id='line_1_11' title="bbox 141 1662 997 1764; baseline -0.004 -25"><span class='ocrx_word' id='word_1_51' title='bbox 141 1698 158 1730; x_wconf 87' lang='lat'>«</span> <span class='ocrx_word' id='word_1_52' title='bbox 178 1669 277 1740; x_wconf 89' lang='lat' dir='ltr'>Fama</span> <span class='ocrx_word' id='word_1_53' title='bbox 294 1666 372 1739; x_wconf 81' lang='lat' dir='ltr'><strong>novi</strong></span> <span class='ocrx_word' id='word_1_54' title='bbox 388 1666 492 1738; x_wconf 88' lang='lat' dir='ltr'><strong>fontis</strong></span> <span class='ocrx_word' id='word_1_55' title='bbox 508 1684 641 1738; x_wconf 85' lang='lat' dir='ltr'><strong>nostras</strong></span> <span class='ocrx_word' id='word_1_56' title='bbox 658 1663 807 1764; x_wconf 85' lang='lat' dir='ltr'><strong>pervenit</strong></span> <span class='ocrx_word' id='word_1_57' title='bbox 824 1662 865 1735; x_wconf 93' lang='lat' dir='ltr'><strong>ad</strong></span> <span class='ocrx_word' id='word_1_58' title='bbox 882 1691 997 1751; x_wconf 74' lang='lat' dir='ltr'><strong>aures,</strong></span> 
     </span>
     <span class='ocr_line' id='line_1_12' title="bbox 142 1778 1000 1881; baseline -0.002 -28"><span class='ocrx_word' id='word_1_59' title='bbox 142 1814 159 1845; x_wconf 88' lang='lat'>»</span> <span class='ocrx_word' id='word_1_60' title='bbox 181 1783 274 1855; x_wconf 90' lang='lat' dir='ltr'><strong>Dura</strong></span> <span class='ocrx_word' id='word_1_61' title='bbox 291 1781 452 1855; x_wconf 80' lang='lat' dir='ltr'><strong>Medusaei</strong></span> <span class='ocrx_word' id='word_1_62' title='bbox 469 1809 568 1881; x_wconf 89' lang='lat' dir='ltr'><strong>quem</strong></span> <span class='ocrx_word' id='word_1_63' title='bbox 584 1780 739 1881; x_wconf 83' lang='lat' dir='ltr'><strong>praepetis</strong></span> <span class='ocrx_word' id='word_1_64' title='bbox 755 1778 880 1875; x_wconf 80' lang='lat' dir='ltr'><strong>ungula</strong></span> <span class='ocrx_word' id='word_1_65' title='bbox 896 1779 1000 1880; x_wconf 82' lang='lat' dir='ltr'><strong>rupit</strong></span> 
     </span>
    </p>
   </div>
   <div class='ocr_carea' id='block_1_7' title="bbox 120 1978 648 4468">
    <p class='ocr_par' dir='ltr' id='par_1_8' title="bbox 135 1978 648 2498">
     <span class='ocr_line' id='line_1_13' title="bbox 135 1978 647 2049; baseline 0.002 -19"><span class='ocrx_word' id='word_1_66' title='bbox 135 1998 162 2047; x_wconf 90' lang='lat' dir='ltr'><strong>p.</strong></span> <span class='ocrx_word' id='word_1_67' title='bbox 173 1981 231 2044; x_wconf 74' lang='lat'><strong>48</strong></span> <span class='ocrx_word' id='word_1_68' title='bbox 210 2014 231 2046; x_wconf 82' lang='lat'><strong>,</strong></span> <span class='ocrx_word' id='word_1_69' title='bbox 246 1997 260 2030; x_wconf 90' lang='lat' dir='ltr'><strong>e</strong></span> <span class='ocrx_word' id='word_1_70' title='bbox 272 1997 359 2031; x_wconf 85' lang='lat' dir='ltr'><strong>saxosa</strong></span> <span class='ocrx_word' id='word_1_71' title='bbox 372 1978 477 2049; x_wconf 84' lang='lat' dir='ltr'><strong>Seriphi</strong></span> <span class='ocrx_word' id='word_1_72' title='bbox 490 1989 585 2032; x_wconf 88' lang='lat' dir='ltr'><strong>natura</strong></span> <span class='ocrx_word' id='word_1_73' title='bbox 597 1998 647 2032; x_wconf 83' lang='lat' dir='ltr'><strong>ex-</strong></span> 
     </span>
     <span class='ocr_line' id='line_1_14' title="bbox 136 2054 645 2133; baseline 0.006 -26"><span class='ocrx_word' id='word_1_74' title='bbox 136 2055 232 2125; x_wconf 78' lang='lat' dir='ltr'><strong>plicat:</strong></span> <span class='ocrx_word' id='word_1_75' title='bbox 244 2054 362 2110; x_wconf 69' lang='lat' dir='ltr'><strong>Odeud&#39;r&#39;</strong></span> <span class='ocrx_word' id='word_1_76' title='bbox 364 2067 436 2111; x_wconf 67' lang='lat' dir='ltr'><strong>ertu</strong></span> <span class='ocrx_word' id='word_1_77' title='bbox 411 2060 551 2133; x_wconf 64' lang='lat' dir='ltr'><strong>repoidusi</strong></span> <span class='ocrx_word' id='word_1_78' title='bbox 563 2070 645 2121; x_wconf 69' lang='lat' dir='ltr'><strong>visse,</strong></span> 
     </span>
     <span class='ocr_line' id='line_1_15' title="bbox 139 2136 648 2207; baseline 0.004 -20"><span class='ocrx_word' id='word_1_79' title='bbox 139 2138 193 2193; x_wconf 78' lang='grc' dir='ltr'><strong>ὦςτε</strong></span> <span class='ocrx_word' id='word_1_80' title='bbox 219 2136 260 2186; x_wconf 74' lang='lat' dir='ltr'><strong>titi</strong></span> <span class='ocrx_word' id='word_1_81' title='bbox 287 2140 421 2207; x_wconf 67' lang='grc' dir='ltr'><strong>τίέςΓοργ</strong></span> <span class='ocrx_word' id='word_1_82' title='bbox 421 2148 518 2194; x_wconf 66' lang='grc' dir='ltr'><strong>νοςτοῡ</strong></span> <span class='ocrx_word' id='word_1_83' title='bbox 507 2159 543 2188; x_wconf 72' lang='lat' dir='ltr'><strong>m</strong></span> <span class='ocrx_word' id='word_1_84' title='bbox 569 2145 648 2189; x_wconf 63' lang='lat' dir='ltr'><strong>maso</strong></span> 
     </span>
     <span class='ocr_line' id='line_1_16' title="bbox 138 2212 647 2284; baseline 0 -19"><span class='ocrx_word' id='word_1_85' title='bbox 138 2217 167 2267; x_wconf 73' lang='grc' dir='ltr'><strong>αὖ</strong></span> <span class='ocrx_word' id='word_1_86' title='bbox 155 2220 209 2274; x_wconf 69' lang='lat' dir='ltr'><strong>eir</strong></span> <span class='ocrx_word' id='word_1_87' title='bbox 217 2212 285 2279; x_wconf 61' lang='lat' dir='ltr'><strong>poteo</strong></span> <span class='ocrx_word' id='word_1_88' title='bbox 273 2218 317 2266; x_wconf 72' lang='lat' dir='ltr'><strong>vot</strong></span> <span class='ocrx_word' id='word_1_89' title='bbox 326 2219 474 2283; x_wconf 61' lang='lat' dir='ltr'><strong>suspendatis</strong></span> <span class='ocrx_word' id='word_1_90' title='bbox 426 2238 492 2272; x_wconf 77' lang='grc' dir='ltr'><strong><em>υντες.</em></strong></span> <span class='ocrx_word' id='word_1_91' title='bbox 504 2212 582 2282; x_wconf 81' lang='lat' dir='ltr'><strong>Apud</strong></span> <span class='ocrx_word' id='word_1_92' title='bbox 592 2214 647 2284; x_wconf 84' lang='lat' dir='ltr'><strong>Hy</strong></span> 
     </span>
     <span class='ocr_line' id='line_1_17' title="bbox 140 2288 647 2358; baseline 0.004 -18"><span class='ocrx_word' id='word_1_93' title='bbox 140 2290 193 2357; x_wconf 81' lang='lat' dir='ltr'><strong>gin</strong></span> <span class='ocrx_word' id='word_1_94' title='bbox 204 2289 254 2341; x_wconf 81' lang='lat' dir='ltr'><strong>sah</strong></span> <span class='ocrx_word' id='word_1_95' title='bbox 267 2289 331 2356; x_wconf 83' lang='lat'><strong>273,</strong></span> <span class='ocrx_word' id='word_1_96' title='bbox 351 2309 396 2358; x_wconf 85' lang='lat' dir='ltr'><strong>qur</strong></span> <span class='ocrx_word' id='word_1_97' title='bbox 388 2288 476 2341; x_wconf 88' lang='lat' dir='ltr'><strong>haud</strong></span> <span class='ocrx_word' id='word_1_98' title='bbox 488 2289 566 2343; x_wconf 91' lang='lat' dir='ltr'><strong>dubie</strong></span> <span class='ocrx_word' id='word_1_99' title='bbox 580 2289 647 2342; x_wconf 82' lang='lat' dir='ltr'><strong>AEs-</strong></span> 
     </span>
     <span class='ocr_line' id='line_1_18' title="bbox 137 2366 648 2439; baseline 0.004 -21"><span class='ocrx_word' id='word_1_100' title='bbox 137 2366 243 2437; x_wconf 81' lang='lat' dir='ltr'><strong>ehyium</strong></span> <span class='ocrx_word' id='word_1_101' title='bbox 251 2377 376 2434; x_wconf 88' lang='lat' dir='ltr'><strong>sequutus</strong></span> <span class='ocrx_word' id='word_1_102' title='bbox 384 2378 423 2420; x_wconf 88' lang='lat' dir='ltr'><strong>est</strong></span> <span class='ocrx_word' id='word_1_103' title='bbox 431 2367 648 2439; x_wconf 78' lang='lat' dir='ltr'><strong>,Polydectaesu</strong></span> 
     </span>
     <span class='ocr_line' id='line_1_19' title="bbox 138 2407 524 2498; baseline 0.005 -3"><span class='ocrx_word' id='word_1_104' title='bbox 138 2445 234 2497; x_wconf 88' lang='lat' dir='ltr'><strong>nehres</strong></span> <span class='ocrx_word' id='word_1_105' title='bbox 244 2443 319 2497; x_wconf 90' lang='lat' dir='ltr'><strong>ludos</strong></span> <span class='ocrx_word' id='word_1_106' title='bbox 332 2407 443 2498; x_wconf 76' lang='lat' dir='ltr'><strong>Perseai</strong></span> <span class='ocrx_word' id='word_1_107' title='bbox 454 2445 524 2498; x_wconf 77' lang='lat' dir='ltr'><strong>tacit.</strong></span> 
     </span>
    </p>

    <p class='ocr_par' dir='ltr' id='par_1_9' title="bbox 132 2524 648 4162">
     <span class='ocr_line' id='line_1_20' title="bbox 171 2524 647 2593; baseline 0.008 -18"><span class='ocrx_word' id='word_1_108' title='bbox 171 2527 221 2576; x_wconf 78' lang='lat'><strong>250</strong></span> <span class='ocrx_word' id='word_1_109' title='bbox 228 2554 242 2562; x_wconf 96' lang='lat'><em>-</em></span> <span class='ocrx_word' id='word_1_110' title='bbox 248 2524 306 2591; x_wconf 79' lang='grc'><strong>678.</strong></span> <span class='ocrx_word' id='word_1_111' title='bbox 316 2526 449 2577; x_wconf 80' lang='lat' dir='ltr'><strong>Musarum</strong></span> <span class='ocrx_word' id='word_1_112' title='bbox 460 2528 584 2593; x_wconf 79' lang='lat' dir='ltr'><strong>colloqm&#39;a</strong></span> <span class='ocrx_word' id='word_1_113' title='bbox 591 2546 647 2579; x_wconf 80' lang='lat' dir='ltr'><strong>cum</strong></span> 
     </span>
     <span class='ocr_line' id='line_1_21' title="bbox 139 2603 647 2672; baseline 0.008 -18"><span class='ocrx_word' id='word_1_114' title='bbox 139 2604 254 2655; x_wconf 81' lang='lat' dir='ltr'><strong>Pallade.</strong></span> <span class='ocrx_word' id='word_1_115' title='bbox 264 2603 361 2671; x_wconf 82' lang='lat' dir='ltr'><strong>Pallas,</strong></span> <span class='ocrx_word' id='word_1_116' title='bbox 371 2604 461 2658; x_wconf 81' lang='lat' dir='ltr'><strong>relicto</strong></span> <span class='ocrx_word' id='word_1_117' title='bbox 470 2606 566 2658; x_wconf 85' lang='lat' dir='ltr'><strong>Perseo</strong></span> <span class='ocrx_word' id='word_1_118' title='bbox 576 2645 582 2672; x_wconf 93' lang='lat'><strong>,</strong></span> <span class='ocrx_word' id='word_1_119' title='bbox 594 2607 647 2658; x_wconf 83' lang='lat' dir='ltr'><strong>Iie·</strong></span> 
     </span>
     <span class='ocr_line' id='line_1_22' title="bbox 139 2679 647 2750; baseline 0.008 -20"><span class='ocrx_word' id='word_1_120' title='bbox 139 2679 252 2732; x_wconf 81' lang='lat' dir='ltr'><strong>iiconem</strong></span> <span class='ocrx_word' id='word_1_121' title='bbox 267 2682 348 2750; x_wconf 88' lang='lat' dir='ltr'><strong>petit,</strong></span> <span class='ocrx_word' id='word_1_122' title='bbox 367 2682 412 2734; x_wconf 92' lang='lat' dir='ltr'><strong>uhi</strong></span> <span class='ocrx_word' id='word_1_123' title='bbox 430 2683 515 2735; x_wconf 73' lang='lat' dir='ltr'><strong>Musa</strong></span> <span class='ocrx_word' id='word_1_124' title='bbox 535 2683 559 2735; x_wconf 88' lang='lat' dir='ltr'><strong>ei</strong></span> <span class='ocrx_word' id='word_1_125' title='bbox 578 2702 647 2734; x_wconf 88' lang='lat' dir='ltr'><strong>nar-</strong></span> 
     </span>
     <span class='ocr_line' id='line_1_23' title="bbox 140 2760 647 2830; baseline 0.01 -21"><span class='ocrx_word' id='word_1_126' title='bbox 140 2770 216 2825; x_wconf 85' lang='lat' dir='ltr'><strong>rant,</strong></span> <span class='ocrx_word' id='word_1_127' title='bbox 234 2760 332 2812; x_wconf 82' lang='lat' dir='ltr'><strong>1⁰.vim</strong></span> <span class='ocrx_word' id='word_1_128' title='bbox 344 2800 352 2825; x_wconf 93' lang='lat'><strong>,</strong></span> <span class='ocrx_word' id='word_1_129' title='bbox 369 2779 448 2830; x_wconf 88' lang='lat' dir='ltr'><strong>quam</strong></span> <span class='ocrx_word' id='word_1_130' title='bbox 459 2762 507 2814; x_wconf 90' lang='lat' dir='ltr'><strong>sibi</strong></span> <span class='ocrx_word' id='word_1_131' title='bbox 519 2762 647 2829; x_wconf 84' lang='lat' dir='ltr'><strong>paraverit</strong></span> 
     </span>
     <span class='ocr_line' id='line_1_24' title="bbox 140 2839 646 2911; baseline 0.012 -25"><span class='ocrx_word' id='word_1_132' title='bbox 140 2839 276 2905; x_wconf 81' lang='lat' dir='ltr'><strong>Pyreneus,</strong></span> <span class='ocrx_word' id='word_1_133' title='bbox 295 2839 426 2911; x_wconf 71' lang='lat'><strong>250-2933</strong></span> <span class='ocrx_word' id='word_1_134' title='bbox 447 2853 484 2891; x_wconf 82' lang='lat'><strong>2⁰.</strong></span> <span class='ocrx_word' id='word_1_135' title='bbox 496 2850 646 2906; x_wconf 82' lang='lat' dir='ltr'><strong>certamen,</strong></span> 
     </span>
     <span class='ocr_line' id='line_1_25' title="bbox 140 2911 648 2980; baseline 0.014 -17"><span class='ocrx_word' id='word_1_136' title='bbox 140 2911 209 2980; x_wconf 92' lang='lat' dir='ltr'><strong>quod</strong></span> <span class='ocrx_word' id='word_1_137' title='bbox 222 2914 270 2967; x_wconf 90' lang='lat' dir='ltr'><strong>sihi</strong></span> <span class='ocrx_word' id='word_1_138' title='bbox 281 2915 360 2967; x_wconf 87' lang='lat' dir='ltr'><strong>suerit</strong></span> <span class='ocrx_word' id='word_1_139' title='bbox 373 2935 434 2968; x_wconf 85' lang='lat' dir='ltr'><strong>cum</strong></span> <span class='ocrx_word' id='word_1_140' title='bbox 446 2920 600 2979; x_wconf 79' lang='lat' dir='ltr'><strong>Pien&#39;dibus,</strong></span> <span class='ocrx_word' id='word_1_141' title='bbox 617 2937 648 2970; x_wconf 87' lang='lat' dir='ltr'><strong>ex</strong></span> 
     </span>
     <span class='ocr_line' id='line_1_26' title="bbox 140 2991 647 3062; baseline 0.014 -23"><span class='ocrx_word' id='word_1_142' title='bbox 140 3008 194 3056; x_wconf 89' lang='lat' dir='ltr'><strong>quo</strong></span> <span class='ocrx_word' id='word_1_143' title='bbox 210 2991 299 3043; x_wconf 79' lang='lat' dir='ltr'><strong>multae</strong></span> <span class='ocrx_word' id='word_1_144' title='bbox 324 2993 548 3062; x_wconf 86' lang='lat' dir='ltr'><strong>metamorphoses</strong></span> <span class='ocrx_word' id='word_1_145' title='bbox 568 3013 647 3046; x_wconf 85' lang='lat' dir='ltr'><strong>rom-</strong></span> 
     </span>
     <span class='ocr_line' id='line_1_27' title="bbox 140 3071 648 3141; baseline 0.008 -21"><span class='ocrx_word' id='word_1_146' title='bbox 140 3080 324 3121; x_wconf 86' lang='lat' dir='ltr'><strong>memorantur</strong></span> <span class='ocrx_word' id='word_1_147' title='bbox 339 3109 346 3135; x_wconf 93' lang='lat'><strong>‚</strong></span> <span class='ocrx_word' id='word_1_148' title='bbox 368 3071 493 3141; x_wconf 72' lang='lat'><strong>294-678.</strong></span> <span class='ocrx_word' id='word_1_149' title='bbox 506 3099 538 3109; x_wconf 96' lang='lat'><em>-</em></span> <span class='ocrx_word' id='word_1_150' title='bbox 552 3072 648 3124; x_wconf 86' lang='lat' dir='ltr'><strong>Narrat</strong></span> 
     </span>
     <span class='ocr_line' id='line_1_28' title="bbox 140 3151 645 3221; baseline 0.002 -17"><span class='ocrx_word' id='word_1_151' title='bbox 140 3151 363 3221; x_wconf 86' lang='lat' dir='ltr'><strong>quemadmodum</strong></span> <span class='ocrx_word' id='word_1_152' title='bbox 377 3152 490 3220; x_wconf 78' lang='lat' dir='ltr'><strong>Pegasus</strong></span> <span class='ocrx_word' id='word_1_153' title='bbox 504 3171 586 3219; x_wconf 90' lang='lat' dir='ltr'><strong>equus</strong></span> <span class='ocrx_word' id='word_1_154' title='bbox 592 3153 645 3205; x_wconf 83' lang='lat' dir='ltr'>ala-</span> 
     </span>
     <span class='ocr_line' id='line_1_29' title="bbox 139 3227 648 3299; baseline 0 -18"><span class='ocrx_word' id='word_1_155' title='bbox 139 3239 181 3282; x_wconf 85' lang='lat' dir='ltr'><strong>tus</strong></span> <span class='ocrx_word' id='word_1_156' title='bbox 194 3248 246 3281; x_wconf 91' lang='lat' dir='ltr'><strong>una</strong></span> <span class='ocrx_word' id='word_1_157' title='bbox 258 3248 320 3281; x_wconf 89' lang='lat' dir='ltr'><strong>rum</strong></span> <span class='ocrx_word' id='word_1_158' title='bbox 333 3227 480 3299; x_wconf 81' lang='lat' dir='ltr'><strong>Chrysaore</strong></span> <span class='ocrx_word' id='word_1_159' title='bbox 494 3248 508 3280; x_wconf 93' lang='lat' dir='ltr'><strong>e</strong></span> <span class='ocrx_word' id='word_1_160' title='bbox 522 3229 648 3295; x_wconf 79' lang='lat' dir='ltr'><strong>sanguine</strong></span> 
     </span>
     <span class='ocr_line' id='line_1_30' title="bbox 139 3305 647 3370; baseline 0 -13"><span class='ocrx_word' id='word_1_161' title='bbox 139 3305 197 3357; x_wconf 77' lang='lat' dir='ltr'><strong>colii</strong></span> <span class='ocrx_word' id='word_1_162' title='bbox 207 3305 453 3359; x_wconf 77' lang='lat' dir='ltr'><strong>Medusaeexsiiierit</strong></span> <span class='ocrx_word' id='word_1_163' title='bbox 465 3344 472 3370; x_wconf 91' lang='lat'><strong>,</strong></span> <span class='ocrx_word' id='word_1_164' title='bbox 486 3315 512 3356; x_wconf 89' lang='lat' dir='ltr'><strong>et</strong></span> <span class='ocrx_word' id='word_1_165' title='bbox 524 3305 555 3357; x_wconf 87' lang='lat' dir='ltr'><strong>ad</strong></span> <span class='ocrx_word' id='word_1_166' title='bbox 565 3305 647 3357; x_wconf 82' lang='lat' dir='ltr'><strong>Heli-</strong></span> 
     </span>
     <span class='ocr_line' id='line_1_31' title="bbox 138 3385 646 3452; baseline -0.004 -14"><span class='ocrx_word' id='word_1_167' title='bbox 138 3404 249 3451; x_wconf 85' lang='lat' dir='ltr'><strong>eonem,</strong></span> <span class='ocrx_word' id='word_1_168' title='bbox 269 3385 377 3438; x_wconf 73' lang='lat' dir='ltr'><strong>Boeotiae</strong></span> <span class='ocrx_word' id='word_1_169' title='bbox 392 3393 529 3450; x_wconf 88' lang='lat' dir='ltr'><strong>montem,</strong></span> <span class='ocrx_word' id='word_1_170' title='bbox 547 3403 646 3452; x_wconf 85' lang='lat' dir='ltr'><strong>perve-</strong></span> 
     </span>
     <span class='ocr_line' id='line_1_32' title="bbox 139 3461 647 3532; baseline 0.002 -18"><span class='ocrx_word' id='word_1_171' title='bbox 139 3463 222 3527; x_wconf 89' lang='lat' dir='ltr'><strong>nerit,</strong></span> <span class='ocrx_word' id='word_1_172' title='bbox 235 3464 297 3529; x_wconf 89' lang='lat' dir='ltr'><strong>ubi,</strong></span> <span class='ocrx_word' id='word_1_173' title='bbox 312 3480 393 3532; x_wconf 90' lang='lat' dir='ltr'><strong>quum</strong></span> <span class='ocrx_word' id='word_1_174' title='bbox 402 3471 499 3514; x_wconf 89' lang='lat' dir='ltr'><strong>terram</strong></span> <span class='ocrx_word' id='word_1_175' title='bbox 508 3461 580 3531; x_wconf 88' lang='lat' dir='ltr'><strong>pedis</strong></span> <span class='ocrx_word' id='word_1_176' title='bbox 593 3481 647 3515; x_wconf 91' lang='lat' dir='ltr'><strong>un-</strong></span> 
     </span>
     <span class='ocr_line' id='line_1_33' title="bbox 139 3539 645 3609; baseline 0.006 -19"><span class='ocrx_word' id='word_1_177' title='bbox 139 3539 198 3608; x_wconf 73' lang='lat' dir='ltr'><strong>gula</strong></span> <span class='ocrx_word' id='word_1_178' title='bbox 210 3541 394 3608; x_wconf 85' lang='lat' dir='ltr'><strong>percussisset,</strong></span> <span class='ocrx_word' id='word_1_179' title='bbox 412 3539 479 3592; x_wconf 79' lang='lat' dir='ltr'><strong>iiiito</strong></span> <span class='ocrx_word' id='word_1_180' title='bbox 496 3540 575 3606; x_wconf 87' lang='lat' dir='ltr'><strong>sons,</strong></span> <span class='ocrx_word' id='word_1_181' title='bbox 600 3541 645 3609; x_wconf 92' lang='lat' dir='ltr'><strong>qui</strong></span> 
     </span>
     <span class='ocr_line' id='line_1_34' title="bbox 138 3614 645 3694; baseline 0.002 -22"><span class='ocrx_word' id='word_1_182' title='bbox 138 3614 645 3694; x_wconf 54' lang='lat' dir='ltr'><strong>irruptae,hoeest‚Cahallinussonsest</strong></span> 
     </span>
     <span class='ocr_line' id='line_1_35' title="bbox 137 3696 645 3765; baseline 0 -18"><span class='ocrx_word' id='word_1_183' title='bbox 137 3696 295 3765; x_wconf 78' lang='lat' dir='ltr'><strong>appellatus,</strong></span> <span class='ocrx_word' id='word_1_184' title='bbox 308 3710 411 3751; x_wconf 82' lang='lat' dir='ltr'><strong>exortus</strong></span> <span class='ocrx_word' id='word_1_185' title='bbox 424 3698 501 3750; x_wconf 80' lang='lat' dir='ltr'><strong>fuisse</strong></span> <span class='ocrx_word' id='word_1_186' title='bbox 514 3715 645 3748; x_wconf 87' lang='lat' dir='ltr'><strong>memora-</strong></span> 
     </span>
     <span class='ocr_line' id='line_1_36' title="bbox 137 3775 644 3846; baseline 0.004 -19"><span class='ocrx_word' id='word_1_187' title='bbox 137 3785 187 3826; x_wconf 91' lang='lat' dir='ltr'><strong>tur.</strong></span> <span class='ocrx_word' id='word_1_188' title='bbox 201 3775 243 3828; x_wconf 83' lang='lat' dir='ltr'><strong>Ad</strong></span> <span class='ocrx_word' id='word_1_189' title='bbox 256 3795 318 3828; x_wconf 92' lang='lat' dir='ltr'><strong>eum</strong></span> <span class='ocrx_word' id='word_1_190' title='bbox 329 3777 409 3846; x_wconf 81' lang='lat' dir='ltr'><strong>igitur</strong></span> <span class='ocrx_word' id='word_1_191' title='bbox 418 3776 580 3842; x_wconf 86' lang='lat' dir='ltr'><strong>videndum,</strong></span> <span class='ocrx_word' id='word_1_192' title='bbox 595 3796 644 3829; x_wconf 87' lang='lat' dir='ltr'><strong>re·</strong></span> 
     </span>
     <span class='ocr_line' id='line_1_37' title="bbox 134 3851 641 3922; baseline 0.006 -20"><span class='ocrx_word' id='word_1_193' title='bbox 134 3851 195 3904; x_wconf 82' lang='lat' dir='ltr'><strong>licto</strong></span> <span class='ocrx_word' id='word_1_194' title='bbox 218 3854 331 3918; x_wconf 85' lang='lat' dir='ltr'><strong>Perseo,</strong></span> <span class='ocrx_word' id='word_1_195' title='bbox 353 3854 437 3905; x_wconf 80' lang='lat' dir='ltr'><strong>Pallas</strong></span> <span class='ocrx_word' id='word_1_196' title='bbox 450 3857 565 3922; x_wconf 85' lang='lat' dir='ltr'><strong>prosecta</strong></span> <span class='ocrx_word' id='word_1_197' title='bbox 582 3863 641 3919; x_wconf 87' lang='lat' dir='ltr'><strong>est,</strong></span> 
     </span>
     <span class='ocr_line' id='line_1_38' title="bbox 135 3931 642 4000; baseline 0.006 -20"><span class='ocrx_word' id='word_1_198' title='bbox 135 3947 192 3994; x_wconf 85' lang='lat' dir='ltr'><strong>quae</strong></span> <span class='ocrx_word' id='word_1_199' title='bbox 205 3949 219 3980; x_wconf 92' lang='lat' dir='ltr'>a</span> <span class='ocrx_word' id='word_1_200' title='bbox 231 3931 314 3984; x_wconf 88' lang='lat' dir='ltr'><strong>Musis</strong></span> <span class='ocrx_word' id='word_1_201' title='bbox 327 3941 429 3998; x_wconf 84' lang='lat' dir='ltr'><strong>accepta</strong></span> <span class='ocrx_word' id='word_1_202' title='bbox 441 3950 520 3998; x_wconf 89' lang='lat' dir='ltr'><strong>quam</strong></span> <span class='ocrx_word' id='word_1_203' title='bbox 530 3950 642 4000; x_wconf 86' lang='lat' dir='ltr'><strong>promp-</strong></span> 
     </span>
     <span class='ocr_line' id='line_1_39' title="bbox 132 4008 641 4077; baseline 0.006 -19"><span class='ocrx_word' id='word_1_204' title='bbox 132 4008 230 4060; x_wconf 77' lang='lat' dir='ltr'><strong>tissime</strong></span> <span class='ocrx_word' id='word_1_205' title='bbox 245 4008 278 4060; x_wconf 87' lang='lat' dir='ltr'><strong>ad</strong></span> <span class='ocrx_word' id='word_1_206' title='bbox 292 4010 377 4077; x_wconf 85' lang='lat' dir='ltr'><strong>ipsum</strong></span> <span class='ocrx_word' id='word_1_207' title='bbox 391 4009 440 4060; x_wconf 78' lang='lat' dir='ltr'><strong>suit</strong></span> <span class='ocrx_word' id='word_1_208' title='bbox 459 4008 578 4063; x_wconf 77' lang='lat' dir='ltr'><strong>deducta</strong></span> <span class='ocrx_word' id='word_1_209' title='bbox 592 4012 641 4063; x_wconf 82' lang='lat' dir='ltr'><strong>Ed.</strong></span> 
     </span>
     <span class='ocr_line' id='line_1_40' title="bbox 133 4085 641 4162; baseline 0.018 -31"><span class='ocrx_word' id='word_1_210' title='bbox 133 4110 165 4121; x_wconf 94' lang='lat'><em>-</em></span> <span class='ocrx_word' id='word_1_211' title='bbox 173 4085 316 4151; x_wconf 60' lang='lat' dir='ltr'><strong>Aurr‘gena,</strong></span> <span class='ocrx_word' id='word_1_212' title='bbox 327 4094 471 4161; x_wconf 53' lang='grc' dir='ltr'><strong>χισνσηινὴς,</strong></span> <span class='ocrx_word' id='word_1_213' title='bbox 480 4093 591 4160; x_wconf 61' lang='grc' dir='ltr'><strong>χρυσέη.</strong></span> <span class='ocrx_word' id='word_1_214' title='bbox 583 4111 641 4162; x_wconf 71' lang='lat' dir='ltr'><strong>·,pse</strong></span> 
     </span>
    </p>

    <p class='ocr_par' dir='ltr' id='par_1_10' title="bbox 120 4164 642 4468">
     <span class='ocr_line' id='line_1_41' title="bbox 120 4164 642 4232; baseline 0.021 -22"><span class='ocrx_word' id='word_1_215' title='bbox 120 4180 213 4227; x_wconf 81' lang='lat' dir='ltr'><strong>-quem</strong></span> <span class='ocrx_word' id='word_1_216' title='bbox 229 4164 335 4232; x_wconf 79' lang='lat' dir='ltr'><strong>Jupiter</strong></span> <span class='ocrx_word' id='word_1_217' title='bbox 352 4167 380 4217; x_wconf 90' lang='lat' dir='ltr'><strong>in</strong></span> <span class='ocrx_word' id='word_1_218' title='bbox 393 4184 486 4217; x_wconf 84' lang='lat' dir='ltr'><strong>aurum</strong></span> <span class='ocrx_word' id='word_1_219' title='bbox 502 4185 642 4221; x_wconf 86' lang='lat' dir='ltr'><strong>conversus</strong></span> 
     </span>
     <span class='ocr_line' id='line_1_42' title="bbox 133 4242 639 4311; baseline 0.016 -22"><span class='ocrx_word' id='word_1_220' title='bbox 133 4251 267 4305; x_wconf 81' lang='lat' dir='ltr'><strong>genuerat.</strong></span> <span class='ocrx_word' id='word_1_221' title='bbox 289 4242 332 4294; x_wconf 89' lang='lat' dir='ltr'><strong>Sir</strong></span> <span class='ocrx_word' id='word_1_222' title='bbox 348 4246 517 4309; x_wconf 69' lang='lat' dir='ltr'><strong>dracom&#39;gena</strong></span> <span class='ocrx_word' id='word_1_223' title='bbox 531 4253 558 4294; x_wconf 90' lang='lat' dir='ltr'><strong>et</strong></span> <span class='ocrx_word' id='word_1_224' title='bbox 573 4244 639 4311; x_wconf 81' lang='lat' dir='ltr'><strong>alia,</strong></span> 
     </span>
     <span class='ocr_line' id='line_1_43' title="bbox 130 4312 639 4388; baseline 0.02 -21"><span class='ocrx_word' id='word_1_225' title='bbox 130 4334 187 4383; x_wconf 83' lang='lat' dir='ltr'><strong>quae</strong></span> <span class='ocrx_word' id='word_1_226' title='bbox 202 4318 405 4387; x_wconf 77' lang='lat' dir='ltr'><strong>supralegimus</strong></span> <span class='ocrx_word' id='word_1_227' title='bbox 416 4312 553 4388; x_wconf 74' lang='lat' dir='ltr'><strong>perplacet</strong></span> <span class='ocrx_word' id='word_1_228' title='bbox 566 4322 639 4377; x_wconf 80' lang='lat' dir='ltr'><strong>Schi-</strong></span> 
     </span>
     <span class='ocr_line' id='line_1_44' title="bbox 130 4394 639 4468; baseline 0.018 -22"><span class='ocrx_word' id='word_1_229' title='bbox 130 4394 219 4447; x_wconf 83' lang='lat' dir='ltr'><strong>raehio</strong></span> <span class='ocrx_word' id='word_1_230' title='bbox 239 4395 287 4447; x_wconf 86' lang='lat' dir='ltr'><strong>hoc</strong></span> <span class='ocrx_word' id='word_1_231' title='bbox 305 4399 457 4465; x_wconf 86' lang='lat' dir='ltr'><strong>epitheton,</strong></span> <span class='ocrx_word' id='word_1_232' title='bbox 477 4400 547 4468; x_wconf 90' lang='lat' dir='ltr'><strong>quod</strong></span> <span class='ocrx_word' id='word_1_233' title='bbox 561 4403 639 4455; x_wconf 89' lang='lat' dir='ltr'><strong>nohi-</strong></span> 
     </span>
    </p>
   </div>
   <div class='ocr_carea' id='block_1_8' title="bbox 694 1973 1217 2361">
    <p class='ocr_par' dir='ltr' id='par_1_11' title="bbox 694 1973 1180 2361">
     <span class='ocr_line' id='line_1_45' title="bbox 695 1973 1179 2047; baseline -0.006 -15"><span class='ocrx_word' id='word_1_234' title='bbox 695 1984 807 2032; x_wconf 72' lang='lat' dir='ltr'><strong>come&#39;tem</strong></span> <span class='ocrx_word' id='word_1_235' title='bbox 834 1977 1003 2047; x_wconf 79' lang='lat' dir='ltr'><strong>exquisitius,</strong></span> <span class='ocrx_word' id='word_1_236' title='bbox 1032 1994 1123 2045; x_wconf 80' lang='lat' dir='ltr'><strong>quan,</strong></span> <span class='ocrx_word' id='word_1_237' title='bbox 1142 1973 1179 2029; x_wconf 72' lang='lat' dir='ltr'><strong>tuit</strong></span> 
     </span>
     <span class='ocr_line' id='line_1_46' title="bbox 694 2053 1180 2109; baseline -0.004 0"><span class='ocrx_word' id='word_1_238' title='bbox 694 2076 789 2109; x_wconf 86' lang='lat' dir='ltr'><strong>eomes.</strong></span> <span class='ocrx_word' id='word_1_239' title='bbox 801 2053 1180 2109; x_wconf 74' lang='lat' dir='ltr'><strong>Sedereenimomniuodicu-</strong></span> 
     </span>
     <span class='ocr_line' id='line_1_47' title="bbox 696 2132 1217 2215; baseline -0.006 -26"><span class='ocrx_word' id='word_1_240' title='bbox 696 2137 792 2204; x_wconf 87' lang='lat' dir='ltr'><strong>turqui</strong></span> <span class='ocrx_word' id='word_1_241' title='bbox 804 2136 937 2189; x_wconf 83' lang='lat' dir='ltr'><strong>intersunt</strong></span> <span class='ocrx_word' id='word_1_242' title='bbox 955 2145 1004 2187; x_wconf 86' lang='lat' dir='ltr'><strong>aut</strong></span> <span class='ocrx_word' id='word_1_243' title='bbox 1022 2132 1217 2215; x_wconf 57' lang='lat' dir='ltr'><strong>adsuntayi,·</strong></span> 
     </span>
     <span class='ocr_line' id='line_1_48' title="bbox 695 2190 1194 2291; baseline -0.004 -23"><span class='ocrx_word' id='word_1_244' title='bbox 695 2215 727 2268; x_wconf 88' lang='lat' dir='ltr'><strong>ad</strong></span> <span class='ocrx_word' id='word_1_245' title='bbox 741 2232 823 2268; x_wconf 89' lang='lat' dir='ltr'><strong>eosse</strong></span> <span class='ocrx_word' id='word_1_246' title='bbox 844 2214 1030 2284; x_wconf 78' lang='lat' dir='ltr'><strong>applicant—</strong></span> <span class='ocrx_word' id='word_1_247' title='bbox 994 2190 1194 2291; x_wconf 39' lang='lat' dir='ltr'><strong>-Cmsdhu</strong></span> 
     </span>
     <span class='ocr_line' id='line_1_49' title="bbox 695 2290 1179 2361; baseline -0.006 -17"><span class='ocrx_word' id='word_1_248' title='bbox 695 2303 725 2344; x_wconf 91' lang='lat' dir='ltr'><strong>ut</strong></span> <span class='ocrx_word' id='word_1_249' title='bbox 731 2310 895 2361; x_wconf 79' lang='lat' dir='ltr'><strong>quiaquam</strong></span> <span class='ocrx_word' id='word_1_250' title='bbox 904 2290 1104 2359; x_wconf 76' lang='lat' dir='ltr'><strong>ingrediuntur</strong></span> <span class='ocrx_word' id='word_1_251' title='bbox 1111 2306 1179 2341; x_wconf 74' lang='lat' dir='ltr'><strong>cene</strong></span> 
     </span>
    </p>
   </div>
   <div class='ocr_carea' id='block_1_9' title="bbox 692 2366 1183 2514">
    <p class='ocr_par' dir='ltr' id='par_1_12' title="bbox 692 2366 1183 2514">
     <span class='ocr_line' id='line_1_50' title="bbox 694 2366 1181 2437; baseline 0.002 -19"><span class='ocrx_word' id='word_1_252' title='bbox 694 2369 958 2437; x_wconf 77' lang='lat' dir='ltr'><strong>tauquacinguutur,</strong></span> <span class='ocrx_word' id='word_1_253' title='bbox 972 2367 1042 2437; x_wconf 85' lang='lat' dir='ltr'><strong>apud</strong></span> <span class='ocrx_word' id='word_1_254' title='bbox 1050 2366 1181 2435; x_wconf 68' lang='lat' dir='ltr'><strong>Vugtiun</strong></span> 
     </span>
     <span class='ocr_line' id='line_1_51' title="bbox 692 2441 1183 2514; baseline 0.002 -19"><span class='ocrx_word' id='word_1_255' title='bbox 692 2443 789 2514; x_wconf 79' lang='lat' dir='ltr'><strong>Georg.</strong></span> <span class='ocrx_word' id='word_1_256' title='bbox 804 2445 854 2511; x_wconf 86' lang='lat' dir='ltr'><strong>IV,</strong></span> <span class='ocrx_word' id='word_1_257' title='bbox 874 2445 931 2497; x_wconf 80' lang='lat'><strong>361.</strong></span> <span class='ocrx_word' id='word_1_258' title='bbox 944 2474 982 2485; x_wconf 88' lang='lat'><em>-</em></span> <span class='ocrx_word' id='word_1_259' title='bbox 1001 2448 1101 2514; x_wconf 72' lang='lat' dir='ltr'><strong>Cythno.</strong></span> <span class='ocrx_word' id='word_1_260' title='bbox 1115 2441 1183 2496; x_wconf 62' lang='lat' dir='ltr'><strong>MS&amp;</strong></span> 
     </span>
    </p>
   </div>
   <div class='ocr_carea' id='block_1_10' title="bbox 688 2523 1190 4312">
    <p class='ocr_par' dir='ltr' id='par_1_13' title="bbox 692 2523 1187 3066">
     <span class='ocr_line' id='line_1_52' title="bbox 693 2523 1184 2593; baseline 0.002 -20"><span class='ocrx_word' id='word_1_261' title='bbox 693 2539 795 2588; x_wconf 85' lang='lat' dir='ltr'><strong>onmes,</strong></span> <span class='ocrx_word' id='word_1_262' title='bbox 817 2525 906 2593; x_wconf 78' lang='lat' dir='ltr'><strong>Cypro.</strong></span> <span class='ocrx_word' id='word_1_263' title='bbox 932 2523 1009 2592; x_wconf 73' lang='lat' dir='ltr'><strong>Qua</strong></span> <span class='ocrx_word' id='word_1_264' title='bbox 1023 2523 1104 2577; x_wconf 75' lang='lat' dir='ltr'><strong>insuta</strong></span> <span class='ocrx_word' id='word_1_265' title='bbox 1118 2537 1184 2591; x_wconf 82' lang='lat' dir='ltr'><strong>quan</strong></span> 
     </span>
     <span class='ocr_line' id='line_1_53' title="bbox 693 2600 1185 2672; baseline 0.002 -20"><span class='ocrx_word' id='word_1_266' title='bbox 693 2612 795 2654; x_wconf 88' lang='lat' dir='ltr'><strong>remota</strong></span> <span class='ocrx_word' id='word_1_267' title='bbox 807 2603 885 2654; x_wconf 91' lang='lat' dir='ltr'><strong>nimis</strong></span> <span class='ocrx_word' id='word_1_268' title='bbox 902 2602 935 2655; x_wconf 88' lang='lat' dir='ltr'><strong>sit</strong></span> <span class='ocrx_word' id='word_1_269' title='bbox 954 2623 969 2655; x_wconf 89' lang='lat' dir='ltr'><strong>a</strong></span> <span class='ocrx_word' id='word_1_270' title='bbox 986 2603 1113 2672; x_wconf 80' lang='lat' dir='ltr'><strong>Seripho,</strong></span> <span class='ocrx_word' id='word_1_271' title='bbox 1130 2600 1185 2653; x_wconf 76' lang='lat' dir='ltr'><strong>rasit</strong></span> 
     </span>
     <span class='ocr_line' id='line_1_54' title="bbox 693 2679 1185 2735; baseline 0.002 -4"><span class='ocrx_word' id='word_1_272' title='bbox 693 2679 745 2733; x_wconf 86' lang='lat' dir='ltr'><strong>hoe</strong></span> <span class='ocrx_word' id='word_1_273' title='bbox 758 2699 856 2734; x_wconf 91' lang='lat' dir='ltr'><strong>nomen</strong></span> <span class='ocrx_word' id='word_1_274' title='bbox 869 2681 902 2733; x_wconf 85' lang='lat' dir='ltr'><strong>ab</strong></span> <span class='ocrx_word' id='word_1_275' title='bbox 914 2681 1065 2735; x_wconf 81' lang='lat' dir='ltr'><strong>editoribus</strong></span> <span class='ocrx_word' id='word_1_276' title='bbox 1076 2691 1185 2734; x_wconf 77' lang='lat' dir='ltr'><strong>teutatn</strong></span> 
     </span>
     <span class='ocr_line' id='line_1_55' title="bbox 694 2759 1187 2829; baseline 0.008 -20"><span class='ocrx_word' id='word_1_277' title='bbox 694 2768 741 2810; x_wconf 90' lang='lat' dir='ltr'><strong>est.</strong></span> <span class='ocrx_word' id='word_1_278' title='bbox 759 2760 855 2827; x_wconf 77' lang='lat' dir='ltr'><strong>Cythno</strong></span> <span class='ocrx_word' id='word_1_279' title='bbox 867 2759 984 2811; x_wconf 84' lang='lat' dir='ltr'><strong>correxit</strong></span> <span class='ocrx_word' id='word_1_280' title='bbox 1002 2759 1155 2829; x_wconf 76' lang='lat' dir='ltr'><strong>Naugerius,</strong></span> <span class='ocrx_word' id='word_1_281' title='bbox 1167 2764 1187 2807; x_wconf 75' lang='lat' dir='ltr'><strong>tl</strong></span> 
     </span>
     <span class='ocr_line' id='line_1_56' title="bbox 692 2836 1185 2909; baseline 0.006 -21"><span class='ocrx_word' id='word_1_282' title='bbox 692 2836 728 2889; x_wconf 87' lang='lat' dir='ltr'><strong>sie</strong></span> <span class='ocrx_word' id='word_1_283' title='bbox 736 2837 864 2890; x_wconf 85' lang='lat' dir='ltr'><strong>Planudes</strong></span> <span class='ocrx_word' id='word_1_284' title='bbox 872 2838 953 2891; x_wconf 88' lang='lat' dir='ltr'><strong>habet</strong></span> <span class='ocrx_word' id='word_1_285' title='bbox 962 2839 991 2891; x_wconf 90' lang='lat' dir='ltr'><strong>in</strong></span> <span class='ocrx_word' id='word_1_286' title='bbox 1000 2838 1118 2909; x_wconf 83' lang='lat' dir='ltr'><strong>Metaph.</strong></span> <span class='ocrx_word' id='word_1_287' title='bbox 1127 2836 1185 2891; x_wconf 75' lang='lat' dir='ltr'><strong>Gn·</strong></span> 
     </span>
     <span class='ocr_line' id='line_1_57' title="bbox 692 2917 1187 2987; baseline 0.008 -20"><span class='ocrx_word' id='word_1_288' title='bbox 692 2934 729 2968; x_wconf 86' lang='lat' dir='ltr'><strong>ca.</strong></span> <span class='ocrx_word' id='word_1_289' title='bbox 753 2917 863 2986; x_wconf 69' lang='lat' dir='ltr'><strong>Cythras</strong></span> <span class='ocrx_word' id='word_1_290' title='bbox 884 2927 911 2968; x_wconf 91' lang='lat' dir='ltr'><strong>et</strong></span> <span class='ocrx_word' id='word_1_291' title='bbox 934 2920 1043 2987; x_wconf 78' lang='lat' dir='ltr'><strong>Gyms</strong></span> <span class='ocrx_word' id='word_1_292' title='bbox 1061 2938 1076 2971; x_wconf 92' lang='lat' dir='ltr'><strong>e</strong></span> <span class='ocrx_word' id='word_1_293' title='bbox 1095 2932 1187 2970; x_wconf 71' lang='lat' dir='ltr'><strong>num</strong></span> 
     </span>
     <span class='ocr_line' id='line_1_58' title="bbox 696 2995 920 3066; baseline 0.004 -19"><span class='ocrx_word' id='word_1_294' title='bbox 696 2995 842 3066; x_wconf 83' lang='lat' dir='ltr'><strong>Cycladum</strong></span> <span class='ocrx_word' id='word_1_295' title='bbox 850 3005 920 3049; x_wconf 88' lang='lat' dir='ltr'><strong>sunt.</strong></span> 
     </span>
    </p>

    <p class='ocr_par' dir='ltr' id='par_1_14' title="bbox 691 3072 1188 3831">
     <span class='ocr_line' id='line_1_59' title="bbox 727 3072 1187 3143; baseline 0 -16"><span class='ocrx_word' id='word_1_296' title='bbox 727 3077 782 3140; x_wconf 76' lang='lat'><strong>254.</strong></span> <span class='ocrx_word' id='word_1_297' title='bbox 795 3078 989 3143; x_wconf 52' lang='lat' dir='ltr'><strong>{trabeamque</strong></span> <span class='ocrx_word' id='word_1_298' title='bbox 995 3079 1135 3140; x_wconf 72' lang='lat' dir='ltr'><strong>Helr&#39;com</strong></span> <span class='ocrx_word' id='word_1_299' title='bbox 1144 3072 1187 3127; x_wconf 83' lang='lat' dir='ltr'><strong>He·</strong></span> 
     </span>
     <span class='ocr_line' id='line_1_60' title="bbox 693 3153 1188 3226; baseline 0 -20"><span class='ocrx_word' id='word_1_300' title='bbox 693 3153 760 3207; x_wconf 88' lang='lat' dir='ltr'><strong>licon</strong></span> <span class='ocrx_word' id='word_1_301' title='bbox 774 3154 943 3226; x_wconf 81' lang='lat' dir='ltr'><strong>Virginibus,</strong></span> <span class='ocrx_word' id='word_1_302' title='bbox 963 3155 1036 3223; x_wconf 83' lang='lat' dir='ltr'><strong>sive,</strong></span> <span class='ocrx_word' id='word_1_303' title='bbox 1050 3155 1188 3209; x_wconf 78' lang='lat' dir='ltr'><strong>Musiseoo·</strong></span> 
     </span>
     <span class='ocr_line' id='line_1_61' title="bbox 693 3229 1187 3302; baseline -0.004 -17"><span class='ocrx_word' id='word_1_304' title='bbox 693 3244 807 3286; x_wconf 75' lang='lat' dir='ltr'><strong>serratus</strong></span> <span class='ocrx_word' id='word_1_305' title='bbox 821 3273 828 3299; x_wconf 94' lang='lat'><strong>,</strong></span> <span class='ocrx_word' id='word_1_306' title='bbox 843 3252 896 3301; x_wconf 90' lang='lat' dir='ltr'><strong>quo</strong></span> <span class='ocrx_word' id='word_1_307' title='bbox 908 3244 1035 3302; x_wconf 85' lang='lat' dir='ltr'><strong>tempore</strong></span> <span class='ocrx_word' id='word_1_308' title='bbox 1047 3251 1133 3287; x_wconf 82' lang='lat' dir='ltr'><strong>earum</strong></span> <span class='ocrx_word' id='word_1_309' title='bbox 1143 3229 1187 3283; x_wconf 82' lang='lat' dir='ltr'><strong>cai·</strong></span> 
     </span>
     <span class='ocr_line' id='line_1_62' title="bbox 693 3308 1186 3366; baseline 0.004 -2"><span class='ocrx_word' id='word_1_310' title='bbox 693 3323 734 3365; x_wconf 91' lang='lat' dir='ltr'><strong>tus</strong></span> <span class='ocrx_word' id='word_1_311' title='bbox 746 3332 761 3364; x_wconf 90' lang='lat' dir='ltr'><strong>e</strong></span> <span class='ocrx_word' id='word_1_312' title='bbox 779 3311 891 3364; x_wconf 81' lang='lat' dir='ltr'><strong>Thracia</strong></span> <span class='ocrx_word' id='word_1_313' title='bbox 903 3312 931 3364; x_wconf 91' lang='lat' dir='ltr'><strong>in</strong></span> <span class='ocrx_word' id='word_1_314' title='bbox 950 3313 1087 3366; x_wconf 84' lang='lat' dir='ltr'><strong>Boeotiam</strong></span> <span class='ocrx_word' id='word_1_315' title='bbox 1099 3308 1186 3365; x_wconf 60' lang='lat' dir='ltr'><strong>unfit</strong></span> 
     </span>
     <span class='ocr_line' id='line_1_63' title="bbox 693 3389 1187 3461; baseline 0.002 -21"><span class='ocrx_word' id='word_1_316' title='bbox 693 3414 726 3429; x_wconf 84' lang='lat'><strong>·-</strong></span> <span class='ocrx_word' id='word_1_317' title='bbox 738 3392 837 3441; x_wconf 70' lang='lat' dir='ltr'><strong>Polrtur</strong></span> <span class='ocrx_word' id='word_1_318' title='bbox 848 3389 919 3455; x_wconf 83' lang='lat' dir='ltr'><strong>ioco,</strong></span> <span class='ocrx_word' id='word_1_319' title='bbox 931 3391 979 3458; x_wconf 88' lang='lat' dir='ltr'><strong>qui</strong></span> <span class='ocrx_word' id='word_1_320' title='bbox 993 3410 1026 3443; x_wconf 90' lang='lat' dir='ltr'><strong>eo</strong></span> <span class='ocrx_word' id='word_1_321' title='bbox 1036 3390 1187 3461; x_wconf 74' lang='lat' dir='ltr'><strong>per-veuit·-</strong></span> 
     </span>
     <span class='ocr_line' id='line_1_64' title="bbox 692 3468 1187 3534; baseline 0.006 -15"><span class='ocrx_word' id='word_1_322' title='bbox 692 3469 793 3519; x_wconf 83' lang='lat' dir='ltr'><strong>Sorores</strong></span> <span class='ocrx_word' id='word_1_323' title='bbox 801 3478 927 3519; x_wconf 83' lang='lat' dir='ltr'><strong>vorantur</strong></span> <span class='ocrx_word' id='word_1_324' title='bbox 941 3479 970 3520; x_wconf 91' lang='lat' dir='ltr'><strong>et</strong></span> <span class='ocrx_word' id='word_1_325' title='bbox 979 3469 1070 3522; x_wconf 74' lang='lat' dir='ltr'><strong>Furit</strong></span> <span class='ocrx_word' id='word_1_326' title='bbox 1080 3469 1128 3534; x_wconf 82' lang='lat' dir='ltr'><strong>W,</strong></span> <span class='ocrx_word' id='word_1_327' title='bbox 1138 3468 1187 3533; x_wconf 67' lang='lat'><strong>⁴7⁰:</strong></span> 
     </span>
     <span class='ocr_line' id='line_1_65' title="bbox 692 3545 1186 3612; baseline 0.012 -16"><span class='ocrx_word' id='word_1_328' title='bbox 692 3554 768 3612; x_wconf 87' lang='lat' dir='ltr'><strong>atque</strong></span> <span class='ocrx_word' id='word_1_329' title='bbox 783 3545 884 3611; x_wconf 64' lang='lat' dir='ltr'><strong>Paret,</strong></span> <span class='ocrx_word' id='word_1_330' title='bbox 904 3545 1063 3612; x_wconf 80' lang='lat' dir='ltr'><strong>Horatii,</strong></span> <span class='ocrx_word' id='word_1_331' title='bbox 1080 3562 1129 3610; x_wconf 81' lang='grc' dir='ltr'><strong>ιιι,</strong></span> <span class='ocrx_word' id='word_1_332' title='bbox 1148 3546 1186 3602; x_wconf 71' lang='lat' dir='ltr'><strong>rit</strong></span> 
     </span>
     <span class='ocr_line' id='line_1_66' title="bbox 691 3621 1188 3692; baseline 0.006 -19"><span class='ocrx_word' id='word_1_333' title='bbox 691 3621 737 3674; x_wconf 88' lang='lat' dir='ltr'><strong>sed</strong></span> <span class='ocrx_word' id='word_1_334' title='bbox 750 3622 834 3675; x_wconf 66' lang='lat' dir='ltr'><strong>Musa</strong></span> <span class='ocrx_word' id='word_1_335' title='bbox 845 3625 926 3674; x_wconf 74' lang='lat' dir='ltr'><strong>docte</strong></span> <span class='ocrx_word' id='word_1_336' title='bbox 935 3642 1053 3685; x_wconf 80' lang='lat' dir='ltr'><strong>sorores,</strong></span> <span class='ocrx_word' id='word_1_337' title='bbox 1067 3622 1136 3692; x_wconf 89' lang='lat' dir='ltr'><strong>quod</strong></span> <span class='ocrx_word' id='word_1_338' title='bbox 1145 3636 1188 3688; x_wconf 82' lang='lat' dir='ltr'><strong>ept-</strong></span> 
     </span>
     <span class='ocr_line' id='line_1_67' title="bbox 691 3696 1187 3772; baseline 0.01 -20"><span class='ocrx_word' id='word_1_339' title='bbox 691 3700 784 3753; x_wconf 89' lang='lat' dir='ltr'><strong>theton</strong></span> <span class='ocrx_word' id='word_1_340' title='bbox 806 3701 837 3752; x_wconf 90' lang='lat' dir='ltr'><strong>ab</strong></span> <span class='ocrx_word' id='word_1_341' title='bbox 856 3701 886 3753; x_wconf 87' lang='lat' dir='ltr'><strong>iis</strong></span> <span class='ocrx_word' id='word_1_342' title='bbox 903 3701 935 3753; x_wconf 83' lang='lat' dir='ltr'><strong>ad</strong></span> <span class='ocrx_word' id='word_1_343' title='bbox 954 3714 1049 3771; x_wconf 58' lang='lat' dir='ltr'><strong>poeta</strong></span> <span class='ocrx_word' id='word_1_344' title='bbox 1069 3705 1098 3756; x_wconf 88' lang='lat' dir='ltr'><strong>in</strong></span> <span class='ocrx_word' id='word_1_345' title='bbox 1116 3696 1187 3772; x_wconf 72' lang='lat' dir='ltr'><strong>pnn‘!</strong></span> 
     </span>
     <span class='ocr_line' id='line_1_68' title="bbox 691 3779 905 3831; baseline 0.009 -2"><span class='ocrx_word' id='word_1_346' title='bbox 691 3779 846 3830; x_wconf 82' lang='lat' dir='ltr'><strong>translatum</strong></span> <span class='ocrx_word' id='word_1_347' title='bbox 859 3789 905 3831; x_wconf 88' lang='lat' dir='ltr'><strong>est</strong></span> 
     </span>
    </p>

    <p class='ocr_par' dir='ltr' id='par_1_15' title="bbox 688 3854 1190 4312">
     <span class='ocr_line' id='line_1_69' title="bbox 725 3854 1188 3924; baseline 0.006 -19"><span class='ocrx_word' id='word_1_348' title='bbox 725 3854 780 3905; x_wconf 76' lang='lat'><strong>255.</strong></span> <span class='ocrx_word' id='word_1_349' title='bbox 798 3854 971 3921; x_wconf 74' lang='lat' dir='ltr'><strong>Nonsonlrs</strong></span> <span class='ocrx_word' id='word_1_350' title='bbox 995 3875 1105 3924; x_wconf 84' lang='lat' dir='ltr'><strong>querna</strong></span> <span class='ocrx_word' id='word_1_351' title='bbox 1119 3856 1188 3907; x_wconf 80' lang='lat' dir='ltr'><strong>torm</strong></span> 
     </span>
     <span class='ocr_line' id='line_1_70' title="bbox 691 3930 1190 4004; baseline 0.012 -22"><span class='ocrx_word' id='word_1_352' title='bbox 691 3930 872 3999; x_wconf 86' lang='lat' dir='ltr'><strong>Hippocrenes</strong></span> <span class='ocrx_word' id='word_1_353' title='bbox 889 3950 994 3984; x_wconf 89' lang='lat' dir='ltr'><strong>nomen</strong></span> <span class='ocrx_word' id='word_1_354' title='bbox 1010 3933 1138 4004; x_wconf 81' lang='lat' dir='ltr'><strong>accepisse</strong></span> <span class='ocrx_word' id='word_1_355' title='bbox 1150 3948 1190 4001; x_wconf 76' lang='lat' dir='ltr'><strong>pt·</strong></span> 
     </span>
     <span class='ocr_line' id='line_1_71' title="bbox 689 4006 1189 4079; baseline 0.012 -20"><span class='ocrx_word' id='word_1_356' title='bbox 689 4017 754 4059; x_wconf 84' lang='lat' dir='ltr'><strong>tant</strong></span> <span class='ocrx_word' id='word_1_357' title='bbox 768 4007 821 4060; x_wconf 87' lang='lat' dir='ltr'><strong>Sed</strong></span> <span class='ocrx_word' id='word_1_358' title='bbox 837 4006 1028 4078; x_wconf 86' lang='lat' dir='ltr'><strong>undecumque</strong></span> <span class='ocrx_word' id='word_1_359' title='bbox 1048 4012 1074 4064; x_wconf 89' lang='lat' dir='ltr'><strong>ei</strong></span> <span class='ocrx_word' id='word_1_360' title='bbox 1094 4007 1189 4079; x_wconf 72' lang='lat' dir='ltr'><strong>impod-</strong></span> 
     </span>
     <span class='ocr_line' id='line_1_72' title="bbox 690 4087 1190 4158; baseline 0.01 -18"><span class='ocrx_word' id='word_1_361' title='bbox 690 4087 785 4140; x_wconf 88' lang='lat' dir='ltr'><strong>tumsit</strong></span> <span class='ocrx_word' id='word_1_362' title='bbox 792 4088 1024 4158; x_wconf 78' lang='lat' dir='ltr'><strong>,etymologica</strong></span> <span class='ocrx_word' id='word_1_363' title='bbox 1000 4108 1060 4156; x_wconf 80' lang='lat' dir='ltr'><strong>eyus</strong></span> <span class='ocrx_word' id='word_1_364' title='bbox 1072 4092 1190 4158; x_wconf 64' lang='lat' dir='ltr'><strong>interpa-</strong></span> 
     </span>
     <span class='ocr_line' id='line_1_73' title="bbox 688 4127 1189 4221; baseline 0.012 -6"><span class='ocrx_word' id='word_1_365' title='bbox 688 4164 752 4217; x_wconf 82' lang='lat' dir='ltr'><strong>tatio</strong></span> <span class='ocrx_word' id='word_1_366' title='bbox 773 4127 888 4217; x_wconf 71' lang='lat' dir='ltr'><strong>¹tribulam</strong></span> <span class='ocrx_word' id='word_1_367' title='bbox 911 4167 1086 4221; x_wconf 81' lang='lat' dir='ltr'><strong>ministravit.</strong></span> <span class='ocrx_word' id='word_1_368' title='bbox 1117 4168 1189 4221; x_wconf 71' lang='lat' dir='ltr'><strong>Etiam</strong></span> 
     </span>
     <span class='ocr_line' id='line_1_74' title="bbox 689 4243 1189 4312; baseline 0.012 -17"><span class='ocrx_word' id='word_1_369' title='bbox 689 4243 820 4296; x_wconf 80' lang='lat' dir='ltr'><strong>Troezenii</strong></span> <span class='ocrx_word' id='word_1_370' title='bbox 841 4263 925 4312; x_wconf 89' lang='lat' dir='ltr'><strong>quum</strong></span> <span class='ocrx_word' id='word_1_371' title='bbox 947 4246 1056 4299; x_wconf 82' lang='lat' dir='ltr'><strong>sontem</strong></span> <span class='ocrx_word' id='word_1_372' title='bbox 1075 4248 1189 4300; x_wconf 73' lang='lat' dir='ltr'><strong>haherent</strong></span> 
     </span>
    </p>
   </div>
   <div class='ocr_carea' id='block_1_11' title="bbox 688 4326 1190 4398">
    <p class='ocr_par' dir='ltr' id='par_1_16' title="bbox 688 4326 1190 4398">
     <span class='ocr_line' id='line_1_75' title="bbox 688 4326 1190 4398; baseline 0.006 -21"><span class='ocrx_word' id='word_1_373' title='bbox 688 4326 887 4393; x_wconf 74' lang='lat' dir='ltr'><strong>cognominem,</strong></span> <span class='ocrx_word' id='word_1_374' title='bbox 901 4327 1029 4398; x_wconf 88' lang='lat' dir='ltr'><strong>mythum</strong></span> <span class='ocrx_word' id='word_1_375' title='bbox 1041 4327 1076 4380; x_wconf 89' lang='lat' dir='ltr'><strong>ad</strong></span> <span class='ocrx_word' id='word_1_376' title='bbox 1084 4349 1112 4382; x_wconf 88' lang='lat' dir='ltr'><strong>se</strong></span> <span class='ocrx_word' id='word_1_377' title='bbox 1123 4340 1190 4380; x_wconf 54' lang='lat' dir='ltr'><strong>trax&amp;</strong></span> 
     </span>
    </p>
   </div>
   <div class='ocr_carea' id='block_1_12' title="bbox 688 4402 1191 4470">
    <p class='ocr_par' dir='ltr' id='par_1_17' title="bbox 688 4402 1191 4470">
     <span class='ocr_line' id='line_1_76' title="bbox 688 4402 1191 4470; baseline 0.01 -18"><span class='ocrx_word' id='word_1_378' title='bbox 688 4412 759 4453; x_wconf 90' lang='lat' dir='ltr'><strong>runt.</strong></span> <span class='ocrx_word' id='word_1_379' title='bbox 772 4402 926 4468; x_wconf 84' lang='lat' dir='ltr'><strong>Pausanias,</strong></span> <span class='ocrx_word' id='word_1_380' title='bbox 944 4403 991 4470; x_wconf 80' lang='lat' dir='ltr'><strong>ll,</strong></span> <span class='ocrx_word' id='word_1_381' title='bbox 1010 4405 1052 4457; x_wconf 78' lang='lat'><strong>31.</strong></span> <span class='ocrx_word' id='word_1_382' title='bbox 1066 4404 1191 4456; x_wconf 67' lang='lat' dir='ltr'><strong>-Hdr</strong></span> 
     </span>
    </p>
   </div>
   <div class='ocr_carea' id='block_1_13' title="bbox 128 4472 1189 4552">
    <p class='ocr_par' dir='ltr' id='par_1_18' title="bbox 128 4472 1189 4552">
     <span class='ocr_line' id='line_1_77' title="bbox 128 4472 1189 4552; baseline 0.012 -27"><span class='ocrx_word' id='word_1_383' title='bbox 128 4472 181 4525; x_wconf 87' lang='lat' dir='ltr'><strong>lem</strong></span> <span class='ocrx_word' id='word_1_384' title='bbox 203 4472 297 4527; x_wconf 86' lang='lat' dir='ltr'><strong>habeat</strong></span> <span class='ocrx_word' id='word_1_385' title='bbox 319 4473 459 4531; x_wconf 86' lang='lat' dir='ltr'><strong>audaciam.</strong></span> <span class='ocrx_word' id='word_1_386' title='bbox 475 4505 508 4517; x_wconf 95' lang='lat'><em>-</em></span> <span class='ocrx_word' id='word_1_387' title='bbox 519 4480 551 4531; x_wconf 84' lang='lat' dir='ltr'><strong>Se</strong></span> <span class='ocrx_word' id='word_1_388' title='bbox 569 4483 641 4534; x_wconf 73' lang='lat' dir='ltr'><strong>dedat</strong></span> <span class='ocrx_word' id='word_1_389' title='bbox 686 4501 753 4535; x_wconf 74' lang='lat' dir='ltr'><strong>sous</strong></span> <span class='ocrx_word' id='word_1_390' title='bbox 768 4501 878 4550; x_wconf 74' lang='lat' dir='ltr'><strong>propes,</strong></span> <span class='ocrx_word' id='word_1_391' title='bbox 901 4483 1019 4552; x_wconf 80' lang='lat' dir='ltr'><strong>Pegasus</strong></span> <span class='ocrx_word' id='word_1_392' title='bbox 1040 4480 1189 4552; x_wconf 75' lang='lat' dir='ltr'><strong>esanguiut</strong></span> 
     </span>
    </p>
   </div>
   <div class='ocr_carea' id='block_1_14' title="bbox 0 0 1338 5092">
    <p class='ocr_par' dir='ltr' id='par_1_19' title="bbox 0 0 1338 5092">
     <span class='ocr_line' id='line_1_78' title="bbox 0 0 1338 5092; baseline 0 0"><span class='ocrx_word' id='word_1_393' title='bbox 0 0 1338 5092; x_wconf 95' lang='lat' dir='ltr'><strong> </strong></span> 
     </span>
    </p>
   </div>
  </div>
 </body>
</html>
