2662 5092
233 708 300 776 DE
330 705 501 777 OPERE
527 702 1063 776 METAMORPHOSEON.
1147 728 1181 771 tt

202 847 284 909 Parte
298 847 343 907 sni
358 846 477 908 meliore
490 845 582 931 viget,
594 846 742 928 majorque
758 845 848 907 videm

204 952 316 1034 Coepit,
329 964 360 1012 et
371 963 490 1034 augusta
503 950 564 1013 fieri
576 952 712 1037 gravitate
724 951 874 1019 verendus.

130 1108 187 1182 His
204 1106 309 1203 igitur
323 1125 357 1181 et
376 1105 500 1182 talibus
518 1105 689 1202 ingenium
709 1106 789 1181 satis
802 1107 990 1181 ostentavit
1012 1105 1123 1214 Iqaco
1136 1124 1186 1181 ta-

130 1269 216 1329 men,
228 1241 266 1315 in
273 1269 375 1343 quam
389 1240 517 1349 Lyncm
527 1257 687 1328 mutatus,
699 1268 771 1314 non
782 1239 972 1340 descripsit;
981 1268 1089 1341 neque
1101 1240 1186 1327 ιίήη,

129 1371 368 1472 cnjnsiormam
379 1369 489 1473 Scylla
497 1370 674 1459 adsumsit;
690 1400 879 1474 quanquam
890 1368 1025 1446 illafera
1035 1369 1188 1459 maculis,

128 1504 192 1579 haee
213 1505 284 1579 avis
309 1502 559 1606 pulchritudine
576 1503 720 1598 insignis
740 1534 750 1578 a
772 1532 833 1578 nec
850 1532 926 1578 aves
943 1502 1024 1577 satis
1043 1502 1190 1590 notavit,

128 1663 264 1737 quarum
279 1633 420 1730 figuram
438 1634 555 1710 Letoia
572 1634 734 1735 Meleagri
750 1635 924 1710 sororibus
942 1634 1043 1709 dedit
1303 1608 1307 1613 Ι

173 1770 302 1845 Verum
315 1769 624 1844 transformationes
634 1769 731 1869 ipsae,
742 1767 904 1843 licetinde
915 1795 1045 1844 carmen
1057 1766 1193 1869 iuscrip-

130 1916 197 1972 tum
215 1900 282 1988 sit,
305 1900 476 1975 minimam
493 1900 565 2000 ejus
581 1918 709 2001 partem
726 1900 945 1976 constituunt.
976 1902 1025 1974 Ut
1045 1897 1192 2000 amplum

129 2029 282 2131 prodiret
294 2058 395 2132 opus,
412 2051 480 2111 tam
497 2062 535 2108 ea
550 2051 650 2134 poeta
665 2033 799 2134 copiose
811 2050 1004 2134 persecutus
1019 2049 1086 2121 est,
1103 2029 1192 2105 nude

131 2163 411 2264 metamorphoses
433 2164 596 2265 pendent,
615 2193 714 2267 mam
731 2164 795 2240 alia
815 2164 991 2241 admiscuit
1010 2194 1030 2238 a
1052 2162 1192 2239 consilio

131 2324 193 2369 non
208 2296 327 2371 aliena.
353 2296 574 2373 Phaethontis
590 2296 658 2372 sata
672 2294 799 2372 nullam
814 2296 941 2371 habent
956 2297 1070 2381 forma
1085 2313 1193 2371 muta·

134 2429 273 2519 tionem3
286 2431 329 2505 iis
343 2447 451 2506 tamen
467 2457 622 2524 magnam
636 2427 716 2502 libri
730 2425 869 2505 secundi
884 2443 1012 2528 partem
1028 2426 1193 2527 implevit,

135 2578 171 2633 ut
183 2588 244 2661 per
260 2589 298 2635 ea
313 2560 353 2634 ad
368 2589 501 2635 sorores
518 2561 689 2648 transiret,
702 2559 738 2632 in
750 2559 904 2647 arbores,
923 2558 1004 2632 dum
1016 2557 1127 2633 fratris
1141 2588 1194 2633 ca-

133 2721 206 2767 sum
226 2691 361 2789 lugent,
388 2721 509 2769 versas.
539 2693 685 2768 Mutatio
704 2719 859 2765 sororum
880 2688 1042 2786 Meleagri
1060 2690 1196 2765 duobus

132 2825 281 2900 versibus
300 2823 503 2916 absolutum
517 2825 575 2902 sed
587 2825 630 2901 ad
644 2853 714 2902 eam
725 2824 921 2921 longissima
932 2824 989 2900 illa
1003 2838 1085 2924 ρήσει
1092 2827 1193 2914 VIII,

135 2955 316 3051 ado-543,
335 2959 541 3059 pervenitur,
562 2987 634 3060 quae
658 2975 731 3034 tota
746 2958 781 3031 iu
798 2958 871 3060 apri
897 2957 1072 3061 Calydonii
1097 2988 1197 3034 vena-

134 3087 219 3164 tione
242 3105 278 3162 et
298 3088 335 3161 in
357 3088 446 3164 lucta
463 3089 619 3180 Althaea,
637 3088 708 3164 filio
724 3117 839 3166 necem
855 3091 1019 3192 parantis,
1036 3108 1196 3166 versatur.

135 3221 313 3308 AEsouem,
328 3221 463 3296 Jasonis
473 3239 599 3322 patrem
609 3279 618 3309 ‚
627 3222 778 3322 juvenem
787 3223 907 3299 Medea
913 3221 1109 3299 reddiderat.
1122 3225 1198 3297 Hoc

136 3371 325 3429 sanaturus
345 3353 489 3429 Ovidius
505 3357 587 3445 Vll,
615 3354 788 3458 159·293,
803 3357 838 3431 in
856 3375 961 3433 totam
976 3375 1078 3433 artem
1093 3357 1197 3454 magi·

137 3515 205 3561 cam
221 3489 377 3564 excurrit
397 3490 548 3578 Pestem‚
568 3519 641 3592 quae
663 3493 819 3587 AEginam
840 3489 984 3566 insulam
1005 3492 1199 3568 exhauserat

135 3619 269 3711 incolis,
286 3623 482 3724 Minoisque
499 3653 575 3699 cnm
588 3624 850 3700 Atheniensibus
864 3624 989 3699 bellum
1001 3626 1101 3700 nobis
1114 3628 1198 3713 Vll,

138 3756 204 3856 472
226 3785 327 3857 sqq„
349 3757 480 3846 retulit,
498 3775 539 3833 ut
555 3758 806 3860 Myrmidonum
828 3788 846 3835 e
870 3760 1018 3835 formicis
1035 3760 1197 3857 originem

138 3887 300 3986 proderet
328 3891 440 3964 Locus
461 3892 547 3980 vll,
570 3891 698 3979 1·158·‚
715 3890 817 3967 habet
833 3893 966 3995 quidem
982 3892 1200 3968 mutationem
1289 3914 1293 3921 “

142 4015 287 4094 dentium
298 4038 448 4096 satorum
463 4024 499 4096 iu
511 4025 619 4114 viros,
636 4023 695 4100 sed
707 4024 821 4125 paucis
831 4024 982 4098 versibus
995 4024 1199 4127 expositam

145 4147 266 4250 reliqua
288 4151 324 4226 in
348 4154 476 4229 Minois
492 4156 599 4230 forma
613 4173 648 4231 et
664 4155 700 4229 in
716 4184 836 4231 vesano
854 4156 979 4232 Medea
1001 4186 1112 4233 amore
1136 4187 1200 4231 no-

147 4282 239 4355 tando
259 4303 441 4360 versantur.
459 4287 513 4361 Sic
526 4287 796 4365 numerosissima
810 4307 918 4391 poeta
934 4290 1062 4365 occasio
1081 4289 1201 4364 offere-

149 4406 236 4488 batur
261 4416 436 4494 inuumera
458 4420 676 4510 admiscendi,
702 4451 775 4523 quac
801 4423 982 4523 antiquitas
1006 4422 1102 4511 tulit,
1126 4452 1200 4522 quae
