2662 5092
165 746 210 815 36
603 736 783 815 SERIES

39 968 43 975 ,
161 905 362 991 temnentes,
380 887 463 988 ipsis
488 886 607 961 diebus
634 887 727 962 lestis
752 887 897 962 lanificio
926 916 1061 990 operam
1083 889 1231 980 dabant,
1287 942 1290 946 <

162 1039 313 1112 opusque
323 1009 476 1084 levabant
488 1008 620 1102 labellis
629 1010 837 1098 enarrandis,
850 1011 889 1084 de
903 1011 1039 1118 bromo
1047 1031 1081 1086 et
1092 1013 1227 1103 Thisbe,

163 1161 305 1234 quorum
331 1133 492 1229 sanguine
521 1134 612 1205 moris
636 1133 722 1232 niger
747 1130 840 1206 color
864 1133 1017 1221 additus,
1045 1134 1086 1208 de
1103 1133 1179 1209 Sole
1191 1138 1234 1210 in

160 1254 359 1361 Eurynomen
376 1282 491 1342 verso,
509 1271 549 1327 ut
564 1281 639 1327 cum
655 1254 843 1328 Leucothoe
861 1256 1112 1346 concumberet,
1128 1288 1233 1359 quam

162 1377 207 1451 ob
225 1406 294 1451 rem
313 1377 413 1483 Clytie
426 1375 577 1476 zelotypa
594 1376 630 1448 in
648 1374 855 1478 heliotropium
865 1395 1010 1466 mutata,
1025 1378 1168 1480 denique
1186 1381 1232 1455 de

164 1499 424 1600 Herrnuplrrodito
439 1516 472 1572 et
489 1498 663 1572 Solmocide
675 1500 710 1572 in
727 1529 818 1573 unmn
832 1497 940 1601 corpus
956 1504 1128 1577 concretis.
1146 1506 1232 1601 Quo

161 1624 250 1698 lacto
265 1650 396 1696 sorores
409 1623 490 1723 ipsae
508 1622 543 1694 in
561 1623 800 1722 vespertitiones,
818 1651 994 1725 earumque
1007 1624 1078 1699 telae
1087 1626 1123 1699 in
1135 1627 1233 1700 uitem

166 1745 406 1821 transformata
423 1761 512 1819 sunt.
530 1746 601 1819 Hac
617 1744 656 1818 de
669 1773 704 1818 re
718 1773 821 1844 quum
838 1746 902 1818 Ino
917 1745 1099 1836 letaretur,
1117 1751 1231 1839 Juno,

163 1886 197 1943 et
206 1868 359 1943 invidens
373 1885 406 1941 et
419 1867 613 1962 indignans,
632 1867 765 1939 Furiam
778 1867 808 1940 ei
820 1867 979 1956 immisit,
996 1870 1090 1969 cujus
1103 1898 1233 1944 veneno

164 1993 201 2066 in
218 1993 380 2066 insaniam
397 2019 490 2064 versa
508 2018 583 2063 cum
601 1989 764 2062 Melicerta
785 1988 855 2062 filio
882 1991 919 2063 in
943 2020 1030 2065 mare
1052 1991 1233 2093 prosiluit;

164 2113 240 2203 sed,
252 2116 381 2188 Venere
393 2112 631 2199 intercedente,
644 2111 743 2184 ambo
753 2111 831 2185 lacti
841 2130 920 2185 sunt
930 2112 1116 2187 Diimarini.
1132 2114 1233 2211 Quos

162 2237 243 2310 dum
256 2237 375 2309 comites
388 2233 528 2307 &donia
540 2262 602 2334 pro
615 2234 756 2306 mortuis
773 2233 964 2335 deplorant,
980 2236 1016 2307 in
1029 2263 1108 2309 suco
1122 2254 1156 2309 et
1169 2266 1234 2310 vo-

162 2359 261 2432 lucres
268 2374 448 2432 mutantur.
464 2355 602 2430 Cadmus
611 2385 756 2457 quoque,
767 2357 827 2430 bac
836 2356 1019 2432 calamitate
1031 2376 1232 2446 commotus,

163 2483 287 2558 relictis
303 2481 453 2569 Thebis,
471 2481 507 2554 in
524 2479 669 2582 lllyriam
686 2509 761 2554 cum
779 2510 882 2556 uxore
899 2481 1066 2582 profectus
1083 2498 1147 2571 est,
1166 2484 1236 2557 ubi

162 2625 302 2708 uterque
319 2603 640 2705 orrguinenmfhrmcm
657 2604 793 2704 accepit.
812 2602 915 2678 Solos
931 2632 1010 2704 ergo
1029 2605 1175 2679 restabat
1191 2607 1234 2681 de

162 2729 286 2805 Bacchi
297 2727 563 2803 contemtoribus
578 2727 742 2812 Acrisius,
763 2755 843 2800 avus
856 2726 982 2812 Persei,
1003 2727 1061 2828 qui
1080 2728 1235 2830 Gorgoni

166 2871 266 2955 caput
289 2851 491 2955 amputavit,
520 2849 651 2948 ecujus
670 2848 845 2944 sanguine,
873 2848 1028 2944 guttatim
1050 2850 1086 2923 in
1110 2867 1233 2926 terram

167 2975 323 3077 delapso,
354 3001 467 3073 ungues
486 2971 594 3045 exorti
618 2988 721 3058 sunt;
756 2988 790 3044 et
814 2970 978 3045 Atlantem
1001 2971 1038 3044 in
1063 2990 1232 3062 montem,

165 3100 325 3201 uirgasque
337 3114 417 3199 post
430 3094 677 3169 Andromedam
688 3091 861 3167 liberatam
875 3094 912 3166 in
922 3094 1035 3168 corolio
1049 3097 1231 3185 convertit,

165 3220 412 3297 Andromedam
429 3235 538 3292 autem
557 3246 692 3290 uxorem
706 3216 821 3292 duxit,

211 3381 289 3452 tht.
301 3379 343 3448 V.
372 3378 459 3450 Orto
479 3373 596 3448 deinde
613 3375 649 3446 in
660 3375 788 3475 nuptiis
803 3374 965 3465 tumultu,
980 3375 1150 3462 Phineum,
1172 3379 1232 3478 qui

168 3528 326 3602 sponsam
345 3498 410 3571 sibi
423 3497 627 3584 vindicabat,
646 3524 721 3570 cum
734 3497 823 3584 suis,
842 3515 875 3571 et
885 3525 963 3571 mox
976 3498 1073 3573 etiam
1087 3498 1232 3574 Proetmn

167 3642 201 3700 et
217 3622 400 3728 Polydecten
425 3650 538 3696 saxeos
555 3620 675 3695 reddit.
699 3622 787 3693 Tum
814 3620 944 3706 Pullos,
971 3651 1044 3723 quse
1069 3622 1233 3698 bactenus

167 3747 280 3823 Persei
293 3771 404 3819 eomes
416 3743 542 3829 fuerat,
561 3772 600 3818 eo
616 3741 749 3829 relicto,
768 3743 803 3815 in
817 3743 1012 3817 Heliconem
1030 3773 1064 3818 se
1081 3746 1233 3834 confert,

168 3890 208 3945 ut
224 3869 437 3970 Hippocrenen
455 3866 619 3966 inspiciat.
639 3866 693 3938 lbi
710 3882 846 3938 narrant
862 3867 892 3938 ei
906 3868 1012 3940 Musa
1030 3866 1069 3940 de
1092 3867 1236 3973 Ρχνιιιιο

168 4011 202 4068 et
216 3991 388 4065 It'enwdibus
403 3989 440 4062 in
450 3988 538 4089 picus
554 3988 740 4074 conversis,
759 4004 938 4087 postquam
956 4006 1054 4062 cantu
1070 3989 1234 4064 instituto

169 4115 249 4188 hinc
266 4114 305 4185 de
317 4112 416 4185 variis
428 4111 568 4184 Deorum
580 4107 892 4206 transsonnotionibus
904 4109 1114 4198 inanimalia,
1134 4111 1233 4187 illinc

169 4235 210 4311 de
227 4251 316 4337 raptu
337 4232 554 4330 Proserpina,
583 4229 622 4301 de
647 4229 765 4304 Cereris
790 4233 956 4318 erroribus,
986 4234 1025 4306 de
1055 4232 1177 4339 Cyanes
1199 4238 1240 4311 in

157 4361 288 4461 sontem,
296 4357 390 4459 pueri
400 4352 570 4453 cujusdam
587 4352 622 4423 in
637 4353 812 4438 stelbbnem,
830 4355 1010 4455 Asculophi
1022 4357 1059 4428 in
1071 4356 1234 4444 bubonem,

166 4484 322 4570 Sirenmn,
341 4477 576 4580 Proserpinam
591 4478 820 4576 quarentium,
833 4477 870 4552 in
881 4507 949 4552 ores
965 4509 1004 4554 ex
1019 4497 1129 4580 parte,
1143 4485 1240 4558 Are—
