2662 5092
88 39 986 335 -

315 719 846 791 METAMORPHOSEON
872 727 970 792 LIB.
999 730 1027 792 1.
1136 729 1194 798 133

149 845 213 926 Sole
229 875 317 931 satus
333 859 524 947 Phaethon,
545 889 643 961 quem
663 864 830 962 quondam
851 894 967 961 magna
984 866 1174 968 loquentem
1187 926 1208 956 ,.

147 961 200 1040 Nec
220 972 282 1046 sibi
300 974 486 1063 cedentem,
502 974 699 1077 Phoeboque
715 997 851 1079 parente
869 983 1070 1082 superbum,

144 1076 210 1158 Non
225 1088 302 1161 tulit
316 1088 506 1176 Inachides,
527 1123 543 1154 o
563 1092 749 1192 Matrique,
769 1095 831 1181 ait,
851 1098 961 1170 omnia
978 1098 1111 1173 demens

144 1198 306 1292 ”Credin
324 1222 357 1279 et
374 1233 409 1278 es
428 1204 574 1278 tumidus
591 1206 752 1300 genitoris
768 1208 910 1304 imagine
925 1209 1010 1283 salsi.
1029 1247 1045 1277 o

140 1306 277 1392 Erubuit
294 1318 490 1407 Phaethon,
505 1320 654 1422 iramque
669 1323 798 1423 pudore
815 1326 990 1425 repressit:
1145 1352 1194 1421 755

139 1421 173 1496 El
193 1433 272 1510 tulit
285 1436 329 1511 ad
346 1434 526 1536 Clymenen
542 1437 675 1538 Epaphi
693 1440 837 1514 convicia
852 1459 999 1517 matrem.

143 1567 154 1596 t
169 1542 319 1652 Quoque
334 1552 440 1646 magis
454 1550 579 1641 doleas,
598 1553 757 1648 genitrix,
774 1556 842 1645 ait,
861 1557 916 1632 ille
934 1586 997 1653 ego
1015 1558 1122 1647 liber,

143 1730 214 1804 lium
235 1751 382 1821 increpat,
412 1752 482 1820 quod
505 1752 639 1822 insipienti
687 1736 1050 1826 vomdmm.H-Magna
1060 1763 1135 1827 loqui.
1147 1770 1195 1815 tte·

141 1814 323 1885 ⁸10lettettlltlo
331 1830 638 1900 equoswlarescomml·
687 1840 832 1901 pelasga»,
854 1843 970 1903 μιγαληγο
985 1848 1017 1890 «tu
1036 1877 1043 1902 ,
1065 1837 1167 1906 gloriari
1186 1877 1193 1901 ‚

144 1902 196 1958 ⁸trit
205 1924 212 1958 :
222 1908 251 1961 in
263 1907 445 1978 qrn'busmulta
458 1908 640 1963 Ovidianisai-
686 1912 821 1981 superbire
831 1932 837 1965 ε
847 1911 905 1965 vide
914 1862 1004 1979 adlit,
1013 1915 1054 1967 31.
1063 1914 1194 1981 Juvene's,

138 1977 483 2040 uitsurtoretoeotucian.
491 1987 638 2056 contendit,
687 1987 1196 2056 quumsuisnonduminclaruerevirtu·

140 2043 328 2116 Phaethontea
339 2063 530 2118 Astronomum
543 2065 637 2132 fuisse,
688 2064 769 2133 tibus,
777 2065 919 2137 degeneris
926 2067 1061 2123 nobilitate
1069 2069 1194 2123 rixantur.

139 2138 182 2205 qui
197 2159 308 2211 eumuna
327 2141 387 2196 solis
407 2141 567 2213 designarit,
592 2143 639 2198 sed
721 2145 1194 2216 752.Necs1·ttcedeaetem.Quiat’hoe

139 2228 209 2285 aste,
223 2237 304 2288 quam
313 2237 377 2288 opus
387 2219 543 2289 perliceret,
560 2239 639 2273 mor·
687 2220 722 2274 bo
737 2232 810 2292 patre
823 2222 882 2276 Deo
895 2234 971 2278 natus
982 2220 1065 2291 esset,
1079 2244 1152 2294 aeque
1166 2244 1195 2278 ae

142 2302 191 2357 lura
204 2296 246 2350 sit.
259 2296 349 2350 Etiam
364 2296 489 2363 Procius,
514 2296 547 2351 ad
568 2299 640 2353 Tim.
688 2301 827 2372 Epaphus,
837 2323 930 2357 verum
942 2323 998 2357 non
1011 2322 1084 2372 atque
1096 2322 1193 2374 magno

138 2371 198 2429 Plat.
211 2395 238 2446 p.
256 2374 290 2429 33
301 2394 355 2447 seq.
369 2374 484 2430 fabulam
498 2396 513 2429 e
528 2376 641 2449 physicis
687 2380 764 2448 Deo,
778 2392 808 2435 ut
820 2381 878 2446 ille;
892 2401 955 2435 nam
964 2381 1028 2452 quid
1034 2382 1101 2435 Jove
1109 2383 1196 2451 majus

135 2449 319 2522 interpretatus
337 2463 384 2506 eet.
410 2450 453 2506 Cf.
471 2465 499 2506 et
517 2452 639 2507 Philostr.
688 2454 824 2510 habetur?
846 2456 949 2511 Cedeie
970 2476 1033 2527 ergo
1054 2456 1193 2511 Phaethon

136 2526 209 2580 lton.
219 2528 250 2594 l,
263 2548 301 2583 tt·
307 2528 419 2595 Noster,
429 2547 488 2598 que
496 2529 591 2582 tradita
601 2548 640 2582 ac·
689 2534 800 2603 Epapho
808 2534 938 2588 debuisset
949 2537 975 2588 in
988 2534 1038 2586 hac
1048 2542 1129 2602 parte.
1142 2532 1195 2586 Sed

134 2614 257 2674 repetat,
269 2616 297 2659 et
303 2607 475 2678 copiosissime
485 2617 511 2659 et
521 2606 641 2661 eruditis·
689 2609 862 2662 Phaethontis
873 2610 975 2662 animos
987 2610 1111 2680 augebat,
1124 2609 1195 2677 quod

132 2684 200 2738 sime
210 2696 449 2756 persequutorum
462 2685 507 2738 sed
525 2685 568 2739 hic
584 2704 640 2738 non
689 2705 768 2739 avum
780 2685 888 2739 haberet
902 2688 1014 2752 Jovem,
1034 2696 1061 2739 et
1072 2686 1196 2756 Epaphus

130 2762 238 2830 minus,
256 2782 336 2832 quam
347 2763 374 2816 in
389 2763 488 2816 diluvio
500 2763 641 2815 Deucalio-
689 2764 722 2817 de
737 2784 784 2817 avo
799 2763 902 2835 gloriari
920 2784 975 2817 non
995 2774 1117 2834 poterat:
1134 2783 1195 2817 nam

129 2858 200 2907 neu,
230 2840 373 2895 luxurianti
393 2840 501 2911 ingenio
523 2839 640 2893 indulsit.
689 2843 1196 2913 Saturninullumjamnornenerat.Ed.

129 2918 201 2974 ‘t'm
211 2919 349 2992 discerpsit
360 2921 476 2975 fabulam
484 2922 535 2987 ita,
548 2932 579 2974 ut
588 2938 641 2972 ma·
723 2922 777 2985 754.
794 2921 921 2973 Tumidos.
935 2923 1037 2973 Temere
1048 2920 1159 2972 desasto
1170 2931 1197 2972 et

129 2998 214 3067 iorem
226 3002 286 3070 ejus
297 3010 400 3070 partem
411 3001 440 3053 in
453 3000 509 3054 tor.
521 3018 640 3068 sequen·
688 2996 1123 3066 superbia.-Falsns,quiputatoris
1131 3013 1195 3060 esse,

130 3086 183 3132 tem
199 3080 366 3133 b‘ansserret.
386 3077 469 3148 Quod
482 3079 545 3132 olim
557 3096 641 3147 quum
689 3074 735 3142 qui
751 3092 841 3128 revera
857 3093 912 3128 non
927 3086 983 3128 est:
998 3073 1056 3126 vide
1067 3072 1197 3126 Brourlrh,

130 3154 240 3210 moleste
246 3156 371 3209 nonnulli
378 3156 492 3222 ferrent,
500 3158 642 3210 sactumar-
690 3151 723 3204 ad
730 3152 850 3222 Propere
858 3153 894 3218 ll,
905 3150 945 3204 El.
954 3167 1004 3216 vn,
1014 3151 1195 3217 dd-Imago,

130 3234 228 3304 um,
241 3245 272 3290 ur
283 3234 481 3290 hiemandum
490 3236 587 3289 librum
596 3252 642 3287 or·
688 3228 750 3282 salsa
762 3229 800 3282 rei
812 3229 1024 3299 repraesentatio,
1039 3227 1081 3291 ll,
1095 3227 1134 3295 37.

132 3313 274 3382 heum,
296 3334 354 3385 que
374 3314 466 3369 divisio
483 3315 511 3367 in
529 3323 642 3383 quatuor
724 3308 779 3377 756.
797 3310 915 3361 Tutrtad
922 3313 1031 3359 matrem.
1045 3304 1122 3356 More
1134 3323 1199 3373 pue-

134 3388 367 3464 ceddreperitur.
376 3393 486 3459 Seneca,
494 3391 526 3444 de
535 3389 642 3444 Provid.
690 3403 800 3452 rorum,
820 3386 865 3456 qui
883 3383 976 3438 offensi
994 3382 1025 3435 ab
1042 3381 1198 3450 aequalibus,

135 3474 169 3536 5,
187 3470 245 3526 lue
255 3471 386 3527 emuna
402 3470 464 3523 inde
480 3468 594 3522 laudavit
609 3467 641 3520 ad
691 3481 748 3515 rem
760 3461 925 3532 adparentes
936 3459 1077 3525 deserunt,
1090 3468 1117 3511 et
1128 3457 1160 3511 ah
1171 3458 1200 3511 iia

133 3544 315 3602 illustrandam
327 3546 512 3601 fortitudinem
524 3546 552 3597 in
563 3562 644 3613 appe·
690 3541 833 3594 vindictam
845 3548 948 3610 petunt.
961 3540 1011 3592 Ed.

134 3623 217 3679 tenda
233 3625 337 3680 virtute.
358 3622 394 3678 Et
412 3632 499 3694 potest
518 3621 574 3673 haee
593 3620 643 3672 fab.
725 3620 778 3687 7¹57.
797 3623 898 3686 lllccgo
909 3621 978 3671 liber.
992 3615 1076 3671 codd.
1091 3616 1151 3670 ΗΒ,
1165 3618 1198 3669 Α.

134 3722 210 3774 oque
222 3722 252 3759 ar.
264 3703 403 3773 AEsopica,
424 3719 501 3754 usum
516 3698 643 3751 moralem
691 3697 722 3749 B.
735 3698 777 3749 Er
793 3716 837 3765 ego
849 3699 918 3749 liber.
938 3696 1018 3750 Forte
1033 3693 1151 3747 viridius.
1167 3722 1200 3734 -

134 3780 240 3838 babere„
253 3782 294 3838 Ea
302 3784 375 3836 enim
383 3795 540 3845 monemur,
552 3797 586 3831 ne
598 3796 641 3847 ap·
692 3776 779 3836 liter,
794 3774 838 3842 qui
849 3813 857 3839 ,
867 3773 1004 3829 neminem
1015 3773 1125 3832 timens,
1138 3771 1200 3823 dieit

133 3870 256 3931 petam
277 3880 335 3930 quae
356 3880 435 3929 supra
453 3860 520 3910 vires
543 3865 645 3934 nostras
692 3853 814 3918 etfacit,
834 3852 1047 3921 quaeipsireeta
1065 3847 1198 3902 ridentur.

132 3948 212 4003 sunt,
225 3949 254 3992 et
264 3948 295 3990 ut
303 3937 492 4008 sapientiorum
504 3934 644 3987 hominum
692 3929 760 3983 Plin.
776 3930 833 3996 Vl,
853 3928 902 3998 Ep.
921 3944 989 3995 vm,
1009 3931 1043 3982 8:
1064 3928 1123 3979 Non
1131 3925 1201 3993 serat

133 4012 247 4069 oonsil'ds
255 4015 310 4085 regi
321 4035 370 4068 nos
378 4015 502 4068 sinamus.
513 4013 580 4064 Hor.
589 4010 644 4075 IV,
692 4027 807 4076 magnum
826 4015 853 4060 et
872 4010 975 4061 liberam
998 4012 1123 4074 rogerium
1145 4020 1200 4060 com

134 4090 646 4161 0d.11,ab.Cs.etEurip.sragrn.lll.-
692 4084 1199 4154 contumeliodamnom.-Ferotopp.leni

132 4173 261 4240 ‘Equatm
271 4172 325 4227 vll
336 4212 344 4238 ,
356 4172 406 4226 658
415 4172 646 4236 ,paresanm'sari·
693 4175 719 4217 et
732 4163 831 4234 placido
843 4163 956 4236 ingenio.
968 4160 1023 4216 Cir.
1037 4162 1099 4217 Sen.
1112 4182 1138 4215 n.
1151 4164 1197 4215 33:

131 4252 380 4319 satque-Animis,
387 4249 478 4318 spiritu
485 4247 645 4317 etsuperhia.
691 4244 823 4307 infirmelas
831 4260 961 4308 puerorum
972 4247 1011 4292 es!
1017 4279 1024 4302 ‚
1040 4237 1142 4306 semcr'a
1147 4238 1199 4302 ju-

167 4328 321 4398 pSl.Sa!us.
332 4331 427 4395 Grerr‘g.
434 4326 550 4380 ediderat
558 4333 645 4387 natus,
693 4340 788 4374 maura.
807 4319 883 4373 Adde
896 4320 1000 4375 Sallust.
1015 4316 1073 4372 Cat.
1092 4317 1139 4378 38,
1158 4317 1203 4364 ille

129 4405 177 4460 sed
191 4417 303 4476 propter
318 4415 433 4457 metrum
452 4414 521 4457 reete
535 4402 647 4456 Codices
694 4419 755 4466 rgo:
768 4398 856 4452 Plin.l
870 4438 876 4463 ,
891 4398 1025 4467 Epistvr,
1040 4396 1073 4459 6,
1086 4413 1131 4460 ego
1142 4394 1200 4455 itte,

131 4483 200 4555 Reg.
215 4483 301 4537 nostri
309 4481 499 4543 habentsatus,
515 4479 584 4549 quod
598 4499 647 4532 re·
694 4499 764 4547 quem
779 4483 860 4543 nosti,
881 4480 926 4532 uhi
936 4498 961 4530 v.
981 4475 1070 4529 Corte.
