2662 5092
139 763 181 827 52
419 756 458 823 Ρ.
486 757 662 827 OVlDll
688 756 920 827 NASONIS

137 902 288 996 Quarum
305 925 378 999 qua
395 897 502 971 media
518 915 586 984 est,
603 927 673 972 non
687 917 738 973 est
752 899 945 974 habitabilis
961 918 1066 975 astu:

134 1017 200 1091 Nix
219 1016 301 1111 tegit
316 1015 381 1091 alta
397 1017 498 1102 duas3
517 1015 654 1090 totidem
670 1015 756 1089 inter
772 1034 944 1118 utramque
960 1016 1103 1107 locavit,
1168 1041 1202 1092 50

134 1133 407 1233 Temperiemque
424 1131 534 1219 dedit,
554 1131 656 1205 mixta
671 1161 746 1206 eum
762 1131 884 1228 frigore
901 1134 1039 1209 llamma.

133 1252 288 1327 Imminet
302 1251 356 1326 his
371 1279 444 1338 aer,
461 1249 535 1350 qui,
553 1266 680 1349 quanto
697 1267 749 1323 est
763 1251 909 1349 pondere
923 1267 1016 1324 terrae

70 1375 72 1379 ’
133 1368 269 1441 Pondus
287 1363 516 1466 equuleum,
534 1381 628 1437 tanto
644 1382 695 1438 est
712 1363 885 1438 onerosior
899 1364 979 1460 igni.

132 1482 206 1557 lllic
222 1500 257 1557 et
272 1481 428 1568 nebulas,
447 1479 515 1554 illic
533 1480 712 1555 consistere
729 1481 837 1554 nubes

131 1599 255 1686 lussit,
274 1616 307 1672 et
323 1598 483 1671 humanas
500 1613 630 1669 motura
644 1596 793 1671 tonitrua
809 1615 954 1684 mentes,
1167 1622 1201 1672 so

130 1719 176 1792 Et
193 1746 268 1792 cum
280 1714 477 1789 fulminibus
492 1713 649 1787 facientes
663 1712 789 1807 frigora
804 1729 935 1785 ventos.=

131 1832 194 1906 His
214 1861 348 1934 quoque
366 1860 436 1905 non
451 1828 574 1931 passim
592 1827 707 1902 mundi
723 1826 904 1901 fabricator
919 1826 1112 1903 habendum

131 1957 218 2029 Aera
235 1953 407 2054 permisit:
423 1951 475 2023 vix
491 1980 580 2024 nune
599 1949 777 2025 obsistitur
793 1947 879 2036 illis,

131 2078 246 2173 Quum
262 2102 321 2148 sua
338 2072 478 2174 quisque
496 2090 612 2167 regant
629 2072 759 2146 diverso
773 2071 905 2145 llamina
921 2090 1046 2159 tractu,

132 2197 224 2294 Quin
241 2194 367 2269 lanient
382 2193 563 2282 mundum;
582 2211 672 2268 tanta
690 2213 740 2269 est
757 2192 923 2270 discordia
939 2194 1100 2268 fratrum!
1166 2219 1201 2271 oo

131 2407 267 2462 sonantius
275 2417 302 2458 et
310 2403 639 2474 exquisitius,quamsunt‚·
689 2403 787 2457 Medic.
806 2405 911 2457 Bonon.
932 2413 960 2457 et
981 2403 1082 2457 som
1101 2406 1201 2475 accepit

64 2489 70 2509 '
131 2505 194 2539 nam
201 2489 284 2552 premi
292 2484 425 2553 eleganter
434 2482 640 2549 dicuntur,quss
689 2482 866 2535 Burmannus.

131 2564 228 2617 tinibus
245 2562 343 2616 inclusa
355 2571 424 2614 sunt.
437 2560 529 2629 Virgil.
542 2558 639 2629 Georg.
722 2563 761 2626 54
781 2561 928 2612 Corsr'stere.
941 2559 1033 2612 lleins.
1048 2558 1125 2613 malit
1133 2581 1201 2615 cos-

133 2642 163 2709 l,
177 2643 241 2694 235:
255 2658 327 2693 sonte
337 2642 475 2692 trahuntur.
688 2644 777 2692 sidere.
790 2639 869 2692 Male.
880 2667 914 2680 ·-
927 2642 1082 2703 Coasr'slm,
1097 2640 1201 2712 colligi,

163 2723 203 2792 49.
213 2720 270 2772 Non
278 2724 318 2771 est
323 2714 472 2770 habitabilis
480 2725 529 2768 etc.
536 2715 639 2785 Nempe
689 2717 767 2784 oriri,
783 2727 943 2783 συνίςασθαι,
958 2727 1003 2771 aut
1014 2716 1201 2772 immorari.-

131 2818 163 2851 ex
177 2797 302 2867 opinione
325 2796 476 2859 Veterum,
500 2794 544 2861 qui
562 2813 640 2847 sonas
689 2796 798 2848 Mutare.
814 2795 884 2847 Alias
894 2802 982 2847 terrere
989 2794 1200 2865 Jupiterdicitur

129 2874 235 2945 frigidas
250 2893 306 2926 nou
326 2873 434 2938 minus,
456 2891 536 2940 quarn
554 2872 637 2924 torri-
689 2872 1200 2928 fulminibusauttonitnn—Fscr'estes

131 2953 210 3019 dam,
224 2952 314 3005 incolis
326 2951 402 3004 orbas
416 2950 561 3019 putabant:
580 2950 639 3004 vide
680 2953 794 3021 sn'gora.
805 2952 1127 3023 utapudVirg'.Georg.l‚
1136 2953 1198 3014 352,

132 3034 236 3087 Lucret.
249 3031 291 3095 V,
312 3035 375 3094 205;
391 3029 483 3097 Virgil.
494 3028 591 3099 Georg.
609 3030 640 3094 1,
688 3032 897 3100 agentesfrr'gora
908 3037 983 3084 uenti.

134 3113 180 3181 237
190 3133 224 3179 s,
235 3121 262 3164 et
273 3111 358 3164 Macr-
370 3108 462 3161 Somn.
472 3106 540 3175 Scip.
548 3107 591 3169 ll,
606 3109 639 3173 5,
724 3113 763 3178 57.
775 3113 892 3169 Passim.
908 3111 964 3164 sine
976 3110 1070 3165 ordine
1082 3121 1110 3166 et
1123 3112 1199 3182 lege,

132 3189 183 3243 late
196 3188 229 3242 de
242 3189 291 3241 hac
307 3207 336 3241 re
348 3185 534 3256 disputantem.
689 3197 720 3240 ut
731 3188 840 3257 quisque
851 3188 948 3257 spiret,
964 3187 1034 3241 unde
1045 3188 1116 3242 velit.
1129 3188 1200 3242 Vide

166 3271 206 3320 50.
216 3263 639 3334 Utramque.Reroraviu!ramque‚
688 3265 890 3334 Burmanuum,
904 3267 935 3319 ad
953 3267 1123 3338 Quintilianli
1135 3269 1198 3323 De-

134 3346 194 3415 quia
207 3354 335 3412 utrumque
346 3362 403 3396 non
417 3343 466 3396 uisi
483 3341 536 3394 duo
548 3340 641 3395 Leidd.
688 3345 763 3399 elam.
782 3347 836 3413 IV,
852 3348 889 3401 13.
901 3377 934 3390 —
948 3351 1112 3411 Habonium,
1131 3368 1199 3420 pos-

132 3422 281 3486 habent‚et
289 3439 357 3473 unus
366 3439 414 3489 pro
423 3418 558 3473 variatect.
568 3418 640 3471 unde
688 3423 1199 3496 ridendum,velagitandum2similiter

131 3497 258 3552 adsumsit
268 3497 360 3550 Burm.
370 3496 517 3567 Singularia
528 3515 583 3549 non
592 3494 641 3548 ad·
689 3520 763 3570 grec.
776 3509 845 3570 ἔχειν.

132 3576 263 3632 mittenda
270 3588 347 3644 sunt,
358 3578 408 3631 nisi
417 3576 504 3631 Codd.
511 3596 640 3631 consensu
721 3583 761 3652 59.
777 3586 880 3647 Quum..
890 3588 985 3643 tractu.
995 3601 1078 3651 quum
1085 3584 1199 3655 quisque

132 3659 160 3711 id
172 3657 299 3726 exigente.
688 3677 719 3710 ex
731 3657 832 3711 diversa
843 3659 951 3728 regione
963 3658 1026 3727 flat,
1039 3671 1069 3713 ut
1084 3662 1199 3716 Homer.

166 3741 206 3789 51.
219 3737 348 3797 Hammo,
363 3734 463 3803 poetice
474 3753 522 3803 pro
529 3733 623 3787 calore.
689 3734 742 3788 0d.
755 3735 791 3802 V,
799 3740 1005 3809 spi-Reponi
1017 3742 1197 3807 suastam'u,

165 3821 204 3871 52.
217 3817 345 3875 Imminet,
368 3814 582 3883 superimpositus
593 3823 640 3869 est.
688 3821 813 3881 tauquam
826 3834 943 3883 persone
957 3832 964 3864 ι
977 3821 1087 3884 lanient,
1105 3820 1199 3888 gravi-

133 3893 169 3947 Et
177 3893 298 3947 viciniam
313 3902 339 3944 et
351 3891 470 3944 altiorem
484 3893 563 3947 situm
578 3892 603 3946 h.
615 3913 640 3947 v.
689 3902 743 3956 ter,
755 3912 803 3962 pro
815 3892 988 3965 disrumpant.

133 3970 237 4024 indicat.
253 3998 287 4010 -
299 3970 400 4038 Vulgo,
414 3976 471 4037 φατ’,
491 3979 585 4040 quanto
601 3979 643 4024 es!
720 3971 762 4023 lio.
770 3974 891 4025 matrum.
899 3975 989 4027 Habiti
996 3986 1059 4027 sunt
1068 3974 1162 4029 Asuti
1171 3988 1200 4031 et

126 4050 236 4115 pondere
246 4056 330 4110 terroe,
353 4050 466 4101 Pondere
476 4068 547 4116 aqua
557 4054 640 4101 Iemirr.
690 4049 799 4103 Aurorae
812 4051 865 4102 filii.
879 4051 987 4106 Hesiod.
1003 4051 1053 4105 Th.
1065 4053 1123 4121 378.
1142 4054 1200 4109 Sed

133 4124 187 4179 Sed
200 4125 310 4177 alterum
323 4145 337 4177 e
348 4123 415 4177 Cod.
426 4136 576 4193 pervetusto
582 4144 640 4194 pro
688 4129 785 4183 Noster
799 4129 872 4182 omni
889 4129 915 4182 lt.
934 4131 948 4182 Ι.
967 4128 1130 4201 mythologie
1146 4152 1196 4186 ne·

132 4201 640 4270 tulitConst.,Fanensetpouduslevius
688 4207 787 4276 glorta,
807 4226 896 4276 rerum
914 4220 1036 4261 naturam
1057 4210 1196 4277 sequitnr;

132 4291 279 4352 agnoscunt
295 4281 374 4334 etiam
387 4291 505 4348 excerpta
523 4280 640 4334 vatican.
688 4286 774 4354 itaque
788 4285 836 4338 hoc
848 4287 957 4338 nomine
969 4305 1143 4340 communem
1152 4308 1197 4357 po·

134 4358 289 4424 catanam,
303 4376 454 4427 quanquam
467 4359 494 4409 in
511 4358 549 4411 his
560 4359 639 4413 etiam
688 4363 738 4416 tius
755 4375 897 4416 ventorum
914 4376 1035 4416 naturam
1055 4367 1198 4434 respexisse

132 4462 199 4509 apua
213 4441 350 4504 scribitur,
373 4438 443 4508 quod
457 4450 579 4508 argutum
595 4441 640 4492 vi·
688 4440 798 4494 videtur.
818 4443 936 4495 Positum
949 4454 1037 4495 autem
1050 4445 1129 4497 estin
1145 4444 1196 4499 hoc

133 4517 244 4573 debatur
255 4517 373 4572 Heinsio.
390 4519 532 4571 vetustum
546 4523 602 4586 r'pni
610 4538 640 4573 ex
687 4519 889 4589 epiphonemate
901 4539 962 4574 cunr
975 4521 1078 4573 virtute.
