2662 5092
135 805 176 846 aa
516 782 797 848 PRAEFATIO

132 922 163 992 in
176 919 271 992 lotum
284 945 354 1020 quoe
366 919 481 992 turbine
494 921 596 993 crescit
605 919 647 993 ob
658 921 718 992 imo
727 925 750 991 P
759 945 839 1004 non,
851 919 918 1004 ΙΙΙ,
932 915 1017 1005 586,
1032 917 1189 1018 piscator,

136 1046 193 1146 qui
212 1045 274 1117 Iriro
284 1044 400 1120 solebat
413 1060 445 1118 et
457 1045 547 1118 horno
565 1046 732 1146 Decipere,
755 1060 786 1117 et
798 1044 915 1116 catomo
931 1041 1070 1115 salientes
1085 1042 1193 1116 docere

127 1170 260 1271 pisces?
283 1197 376 1257 non,
395 1171 479 1256 Vll,
507 1168 598 1263 624,
616 1169 761 1244 lormicae
777 1167 947 1264 smgilegae
964 1167 1083 1267 agmine
1103 1168 1194 1267 losqqo

127 1294 247 1395 pronde
258 1323 333 1369 oneo
344 1295 454 1397 exiguo
466 1323 516 1370 ore
524 1311 670 1396 gerentes,
687 1296 963 1396 Reposoquesuwa
973 1307 1193 1366 emarescer-

133 1422 189 1495 ts'ce
205 1422 341 1495 collem?
357 1441 429 1509 aut,
450 1423 549 1510 Vlll,
573 1420 659 1521 189,
683 1418 837 1494 Dedalus
854 1418 921 1493 alas
940 1418 1005 1492 sibi
1021 1417 1158 1520 filioque
1175 1447 1193 1492 e

134 1546 271 1647 pennis,
292 1546 362 1621 lino
377 1565 410 1623 et
424 1576 495 1621 cera
508 1549 732 1648 componens?
749 1546 812 1620 llis
827 1563 861 1619 et
876 1544 998 1619 talibus
1012 1546 1195 1621 innumeris

134 1670 276 1772 palmam
288 1671 383 1747 facile
394 1671 494 1774 eripit
505 1671 719 1773 supellectilis
730 1671 764 1745 in
779 1669 983 1744 Philemonis
999 1700 1089 1758 casa,
1109 1700 1195 1773 epu-

134 1795 224 1898 lique
242 1800 284 1873 ab
302 1827 342 1872 eo
363 1799 469 1900 parati
491 1797 680 1899 descriptio.
709 1800 754 1870 Et
771 1797 828 1897 qui
847 1797 958 1871 tenuia
975 1797 1022 1871 sic
1040 1798 1193 1886 ornavit,

134 1924 205 2021 ejus
222 1925 392 2020 ingenium
407 1924 506 1998 etiam
521 1922 556 1996 in
569 1921 769 2020 majoribus,
785 1921 951 1996 atrocibus
964 1923 1047 1997 adeo
1060 1924 1192 1998 eminet.

482 2125 530 2143 ...
551 2085 643 2145 Tanta
656 2084 795 2166 vertigiue
809 2096 916 2165 pontus

215 2185 334 2257 Fervet,
346 2194 376 2242 et
389 2181 504 2241 inducta
518 2181 604 2262 piceis
620 2203 636 2241 e
648 2179 771 2241 nubibus
789 2178 886 2240 umbra

215 2278 311 2337 Omne
324 2277 392 2338 latet
403 2278 503 2338 caelum
520 2276 715 2360 duplicataque
729 2276 823 2338 noctis
836 2278 929 2360 imago
942 2277 1003 2336 est!

215 2372 318 2445 Unda,
331 2371 410 2433 velut
423 2372 542 2448 victrix,
553 2373 674 2434 sinuatae
690 2373 808 2454 despicit
818 2371 926 2449 undas,

214 2471 276 2530 Nec
286 2470 392 2544 levius,
405 2492 489 2552 quam
504 2470 528 2530 si
542 2471 607 2552 quis
621 2469 722 2531 Athon
734 2469 913 2552 Pindumque
927 2467 1052 2532 revulsos

216 2569 289 2630 Sede
302 2592 352 2631 sua
364 2582 443 2632 totos
459 2570 490 2630 in
503 2582 630 2651 apertum
644 2569 776 2633 everterit
787 2590 906 2651 aequor,

216 2668 392 2750 Pracipiuu
405 2669 474 2731 ruis

137 2797 201 2871 Sed
216 2815 308 2871 totus
324 2796 434 2885 locus,
452 2800 518 2884 XI,
534 2796 714 2898 478-560,
734 2797 983 2894 cognoscendus
1000 2813 1069 2883 est;
1093 2795 1196 2870 babet

137 2923 224 2996 enim
239 2923 403 3018 egregiam
418 2923 641 3022 tempestatis,
660 2923 764 2997 studii
786 2940 960 2996 nautarum
977 2923 1012 2995 in
1025 2949 1109 2996 nave
1125 2949 1195 2995 ser-

136 3046 257 3135 vanda,
277 3065 311 3122 et
323 3047 483 3144 naufragii
494 3048 758 3150 descriptionem.
774 3048 866 3121 ldem
879 3047 1065 3143 ingenium,
1082 3043 1195 3120 eadem

135 3169 308 3272 phantasia
320 3171 355 3245 in
372 3172 616 3247 narrationibus
626 3172 742 3249 elucet.
762 3174 842 3246 Non
853 3171 908 3246 ille
921 3170 1110 3246 summatim
1122 3198 1197 3254 nar-

137 3311 206 3381 rat,
226 3293 283 3366 sed
301 3297 412 3371 omnia
430 3296 547 3371 ordine
563 3295 721 3398 explicat,
740 3314 778 3370 ut
800 3313 838 3370 tu
859 3294 987 3369 adstare
1008 3293 1123 3394 reique
1146 3293 1195 3366 in·

139 3433 258 3490 teresse
272 3418 334 3491 tibi
346 3420 500 3509 videaris;
516 3439 549 3495 et
561 3422 590 3495 si
605 3421 685 3521 quid
697 3418 910 3496 memorabile
926 3418 1058 3509 incidit,
1077 3417 1113 3490 id
1128 3417 1194 3492 suis

137 3543 247 3644 pingit
264 3542 440 3620 coloribus.
461 3545 620 3649 Daphnes
637 3546 819 3643 fugientis,

360 3737 409 3753 ...
434 3697 585 3759 Nudabant
602 3717 724 3780 corpora
742 3696 840 3772 venti,

218 3791 368 3876 Obviaque
378 3796 505 3859 adversas
520 3798 666 3859 vibrabant
683 3798 791 3859 flamina
808 3808 921 3872 vestes,

215 3894 255 3954 Et
268 3893 335 3956 levis
348 3895 475 3976 impexos
490 3908 567 3959 retro
586 3897 667 3958 dabat
680 3918 745 3958 aura
759 3894 885 3978 capillos.

137 4044 181 4116 Et
195 4073 273 4118 mox
290 4046 329 4119 de
346 4077 424 4122 cane
440 4046 545 4150 lepori
563 4051 723 4135 instante,

218 4201 302 4262 Alter
314 4204 459 4264 inhaesuro
476 4204 589 4280 similis,
610 4208 792 4288 jamjamque
808 4221 904 4268 tenere

216 4306 335 4385 Sperat,
347 4317 376 4365 et
390 4316 506 4364 extento
522 4306 637 4390 stringit
649 4309 766 4393 vestigia
778 4320 875 4369 rostro
888 4332 896 4367 ε

217 4404 300 4464 Alter
311 4407 340 4463 in
356 4403 489 4488 ambiguo
505 4416 563 4478 est,
575 4427 610 4464 an
627 4407 663 4466 sit
676 4405 849 4488 deprensus,
865 4418 894 4465 et
909 4404 977 4485 ipsis

213 4502 359 4565 Morsibus
373 4503 508 4584 eripitur,
526 4504 725 4587 tangentiaque
737 4525 786 4565 ora
797 4503 941 4582 relinquit.
