<?xml version="1.0" encoding="UTF-8"?>
<!DOCTYPE html PUBLIC "-//W3C//DTD XHTML 1.0 Transitional//EN"
    "http://www.w3.org/TR/xhtml1/DTD/xhtml1-transitional.dtd">
<html xmlns="http://www.w3.org/1999/xhtml" xml:lang="en" lang="en">
 <head>
  <title>
</title>
<meta http-equiv="Content-Type" content="text/html;charset=utf-8" />
  <meta name='ocr-system' content='tesseract 3.04.00' />
  <meta name='ocr-capabilities' content='ocr_page ocr_carea ocr_par ocr_line ocrx_word'/>
</head>
<body>
  <div class='ocr_page' id='page_1' title='image "./publiiovidiinas01massgoog/publiiovidiinas01massgoog_0061.png"; bbox 0 0 2662 5092; ppageno 0'>
   <div class='ocr_carea' id='block_1_1' title="bbox 128 753 786 823">
    <p class='ocr_par' dir='ltr' id='par_1_1' title="bbox 128 753 786 823">
     <span class='ocr_line' id='line_1_1' title="bbox 128 753 786 823; baseline -0.002 -2"><span class='ocrx_word' id='word_1_1' title='bbox 128 758 170 823; x_wconf 72' lang='lat'><strong>28</strong></span> <span class='ocrx_word' id='word_1_2' title='bbox 525 753 786 821; x_wconf 81' lang='lat' dir='ltr'><strong>PRAEFATIO</strong></span> 
     </span>
    </p>
   </div>
   <div class='ocr_carea' id='block_1_2' title="bbox 128 892 1236 2612">
    <p class='ocr_par' dir='ltr' id='par_1_2' title="bbox 128 892 1236 2612">
     <span class='ocr_line' id='line_1_2' title="bbox 129 892 1193 993; baseline 0.004 -28"><span class='ocrx_word' id='word_1_3' title='bbox 129 892 281 985; x_wconf 71' lang='lat'><strong>504-24,</strong></span> <span class='ocrx_word' id='word_1_4' title='bbox 307 892 473 993; x_wconf 80' lang='lat' dir='ltr'><strong>Daphnen</strong></span> <span class='ocrx_word' id='word_1_5' title='bbox 498 892 679 989; x_wconf 84' lang='lat' dir='ltr'><strong>lugientem</strong></span> <span class='ocrx_word' id='word_1_6' title='bbox 704 910 858 981; x_wconf 83' lang='lat' dir='ltr'><strong>revocat,</strong></span> <span class='ocrx_word' id='word_1_7' title='bbox 881 921 1007 993; x_wconf 91' lang='lat' dir='ltr'><strong>suaque</strong></span> <span class='ocrx_word' id='word_1_8' title='bbox 1024 894 1193 969; x_wconf 89' lang='lat' dir='ltr'><strong>connubia</strong></span> 
     </span>
     <span class='ocr_line' id='line_1_3' title="bbox 129 1018 1193 1120; baseline -0.001 -28"><span class='ocrx_word' id='word_1_9' title='bbox 129 1018 353 1106; x_wconf 89' lang='lat' dir='ltr'><strong>commendat;</strong></span> <span class='ocrx_word' id='word_1_10' title='bbox 368 1018 410 1094; x_wconf 85' lang='lat' dir='ltr'><strong>ab</strong></span> <span class='ocrx_word' id='word_1_11' title='bbox 419 1047 521 1120; x_wconf 90' lang='lat' dir='ltr'><strong>eaque</strong></span> <span class='ocrx_word' id='word_1_12' title='bbox 531 1018 631 1116; x_wconf 91' lang='lat' dir='ltr'><strong>longe</strong></span> <span class='ocrx_word' id='word_1_13' title='bbox 644 1020 842 1120; x_wconf 88' lang='lat' dir='ltr'><strong>discrepant,</strong></span> <span class='ocrx_word' id='word_1_14' title='bbox 853 1019 987 1119; x_wconf 90' lang='lat' dir='ltr'><strong>quibus,</strong></span> <span class='ocrx_word' id='word_1_15' title='bbox 995 1022 1057 1107; x_wconf 89' lang='lat' dir='ltr'><strong>IX,</strong></span> <span class='ocrx_word' id='word_1_16' title='bbox 1073 1018 1193 1108; x_wconf 86' lang='lat'><strong>16-26‚</strong></span> 
     </span>
     <span class='ocr_line' id='line_1_4' title="bbox 128 1143 1193 1247; baseline -0.001 -28"><span class='ocrx_word' id='word_1_17' title='bbox 128 1145 296 1219; x_wconf 80' lang='lat' dir='ltr'><strong>Achelous</strong></span> <span class='ocrx_word' id='word_1_18' title='bbox 320 1146 483 1246; x_wconf 72' lang='lat' dir='ltr'><strong>Deianirae</strong></span> <span class='ocrx_word' id='word_1_19' title='bbox 512 1147 648 1247; x_wconf 78' lang='lat' dir='ltr'><strong>nuptias</strong></span> <span class='ocrx_word' id='word_1_20' title='bbox 675 1145 788 1219; x_wconf 89' lang='lat' dir='ltr'><strong>ambit.</strong></span> <span class='ocrx_word' id='word_1_21' title='bbox 818 1147 857 1217; x_wconf 91' lang='lat' dir='ltr'><strong>Iu</strong></span> <span class='ocrx_word' id='word_1_22' title='bbox 881 1144 1037 1219; x_wconf 87' lang='lat' dir='ltr'><strong>omnihus</strong></span> <span class='ocrx_word' id='word_1_23' title='bbox 1054 1143 1109 1218; x_wconf 91' lang='lat' dir='ltr'><strong>his</strong></span> <span class='ocrx_word' id='word_1_24' title='bbox 1126 1163 1193 1218; x_wconf 88' lang='lat' dir='ltr'><strong>tam</strong></span> 
     </span>
     <span class='ocr_line' id='line_1_5' title="bbox 130 1268 1195 1372; baseline -0.002 -29"><span class='ocrx_word' id='word_1_25' title='bbox 130 1288 339 1364; x_wconf 87' lang='lat' dir='ltr'><strong>argumenta,</strong></span> <span class='ocrx_word' id='word_1_26' title='bbox 367 1299 467 1372; x_wconf 89' lang='lat' dir='ltr'><strong>quam</strong></span> <span class='ocrx_word' id='word_1_27' title='bbox 494 1269 601 1344; x_wconf 80' lang='lat' dir='ltr'><strong>forma</strong></span> <span class='ocrx_word' id='word_1_28' title='bbox 626 1270 812 1343; x_wconf 89' lang='lat' dir='ltr'><strong>orationum</strong></span> <span class='ocrx_word' id='word_1_29' title='bbox 838 1268 989 1370; x_wconf 84' lang='lat' dir='ltr'><strong>personis</strong></span> <span class='ocrx_word' id='word_1_30' title='bbox 1013 1269 1195 1343; x_wconf 82' lang='lat' dir='ltr'><strong>dicentium</strong></span> 
     </span>
     <span class='ocr_line' id='line_1_6' title="bbox 128 1392 1195 1494; baseline -0.001 -28"><span class='ocrx_word' id='word_1_31' title='bbox 128 1393 259 1488; x_wconf 81' lang='lat' dir='ltr'><strong>egregie</strong></span> <span class='ocrx_word' id='word_1_32' title='bbox 275 1411 498 1494; x_wconf 78' lang='lat' dir='ltr'><strong>attemperata.</strong></span> <span class='ocrx_word' id='word_1_33' title='bbox 533 1394 625 1467; x_wconf 91' lang='lat' dir='ltr'><strong>ldem</strong></span> <span class='ocrx_word' id='word_1_34' title='bbox 642 1392 729 1467; x_wconf 88' lang='lat' dir='ltr'><strong>valet</strong></span> <span class='ocrx_word' id='word_1_35' title='bbox 754 1393 793 1467; x_wconf 91' lang='lat' dir='ltr'><strong>de</strong></span> <span class='ocrx_word' id='word_1_36' title='bbox 809 1394 999 1493; x_wconf 82' lang='lat' dir='ltr'><strong>soliloquiis;</strong></span> <span class='ocrx_word' id='word_1_37' title='bbox 1026 1392 1120 1494; x_wconf 89' lang='lat' dir='ltr'><strong>quod</strong></span> <span class='ocrx_word' id='word_1_38' title='bbox 1134 1419 1195 1492; x_wconf 90' lang='lat' dir='ltr'><strong>ap-</strong></span> 
     </span>
     <span class='ocr_line' id='line_1_7' title="bbox 128 1514 1236 1619; baseline 0.001 -32"><span class='ocrx_word' id='word_1_39' title='bbox 128 1515 278 1619; x_wconf 86' lang='lat' dir='ltr'><strong>parebit,</strong></span> <span class='ocrx_word' id='word_1_40' title='bbox 305 1515 334 1588; x_wconf 91' lang='lat' dir='ltr'><strong>si</strong></span> <span class='ocrx_word' id='word_1_41' title='bbox 361 1516 436 1615; x_wconf 91' lang='lat' dir='ltr'><strong>quis</strong></span> <span class='ocrx_word' id='word_1_42' title='bbox 452 1544 530 1610; x_wconf 37' lang='lat' dir='ltr'><strong>vsc.</strong></span> <span class='ocrx_word' id='word_1_43' title='bbox 550 1546 642 1618; x_wconf 79' lang='lat' dir='ltr'><strong>que,</strong></span> <span class='ocrx_word' id='word_1_44' title='bbox 660 1519 729 1604; x_wconf 93' lang='lat' dir='ltr'><strong>Ill,</strong></span> <span class='ocrx_word' id='word_1_45' title='bbox 750 1514 901 1616; x_wconf 82' lang='lat'><strong>262-72,</strong></span> <span class='ocrx_word' id='word_1_46' title='bbox 923 1517 1033 1601; x_wconf 85' lang='lat' dir='ltr'><strong>Juno,</strong></span> <span class='ocrx_word' id='word_1_47' title='bbox 1058 1531 1108 1601; x_wconf 89' lang='lat' dir='ltr'><strong>et,</strong></span> <span class='ocrx_word' id='word_1_48' title='bbox 1128 1514 1194 1599; x_wconf 80' lang='lat' dir='ltr'><strong>Vl,</strong></span> <span class='ocrx_word' id='word_1_49' title='bbox 1231 1570 1236 1575; x_wconf 90' lang='lat'>-</span> 
     </span>
     <span class='ocr_line' id='line_1_8' title="bbox 131 1623 1198 1742; baseline -0.003 -31"><span class='ocrx_word' id='word_1_50' title='bbox 131 1637 310 1740; x_wconf 83' lang='lat'><strong>687-701,</strong></span> <span class='ocrx_word' id='word_1_51' title='bbox 327 1623 452 1715; x_wconf 82' lang='lat' dir='ltr'><strong>Boreas</strong></span> <span class='ocrx_word' id='word_1_52' title='bbox 470 1670 581 1716; x_wconf 88' lang='lat' dir='ltr'><strong>secum</strong></span> <span class='ocrx_word' id='word_1_53' title='bbox 597 1641 800 1742; x_wconf 88' lang='lat' dir='ltr'><strong>loquuntur,</strong></span> <span class='ocrx_word' id='word_1_54' title='bbox 822 1657 855 1713; x_wconf 91' lang='lat' dir='ltr'><strong>et</strong></span> <span class='ocrx_word' id='word_1_55' title='bbox 870 1639 1045 1740; x_wconf 86' lang='lat' dir='ltr'><strong>separatim</strong></span> <span class='ocrx_word' id='word_1_56' title='bbox 1061 1654 1095 1711; x_wconf 91' lang='lat' dir='ltr'><strong>et</strong></span> <span class='ocrx_word' id='word_1_57' title='bbox 1110 1637 1198 1710; x_wconf 89' lang='lat' dir='ltr'><strong>inter</strong></span> 
     </span>
     <span class='ocr_line' id='line_1_9' title="bbox 128 1759 1195 1840; baseline 0 -6"><span class='ocrx_word' id='word_1_58' title='bbox 128 1790 163 1835; x_wconf 88' lang='lat' dir='ltr'><strong>se</strong></span> <span class='ocrx_word' id='word_1_59' title='bbox 174 1760 293 1837; x_wconf 87' lang='lat' dir='ltr'><strong>collata</strong></span> <span class='ocrx_word' id='word_1_60' title='bbox 306 1763 571 1840; x_wconf 83' lang='lat' dir='ltr'><strong>consideraverit.</strong></span> <span class='ocrx_word' id='word_1_61' title='bbox 587 1767 791 1840; x_wconf 77' lang='lat' dir='ltr'><strong>Narrationes</strong></span> <span class='ocrx_word' id='word_1_62' title='bbox 803 1764 980 1839; x_wconf 87' lang='lat' dir='ltr'><strong>nonnullas</strong></span> <span class='ocrx_word' id='word_1_63' title='bbox 994 1780 1109 1838; x_wconf 88' lang='lat' dir='ltr'><strong>auctor</strong></span> <span class='ocrx_word' id='word_1_64' title='bbox 1121 1759 1195 1834; x_wconf 91' lang='lat' dir='ltr'><strong>aliis</strong></span> 
     </span>
     <span class='ocr_line' id='line_1_10' title="bbox 129 1883 1199 1990; baseline -0.005 -30"><span class='ocrx_word' id='word_1_65' title='bbox 129 1886 265 1975; x_wconf 90' lang='lat' dir='ltr'><strong>tribuit,</strong></span> <span class='ocrx_word' id='word_1_66' title='bbox 284 1916 394 1989; x_wconf 81' lang='lat' dir='ltr'><strong>eeque</strong></span> <span class='ocrx_word' id='word_1_67' title='bbox 406 1906 539 1963; x_wconf 82' lang='lat' dir='ltr'><strong>moratae</strong></span> <span class='ocrx_word' id='word_1_68' title='bbox 552 1889 632 1963; x_wconf 90' lang='lat' dir='ltr'><strong>satis</strong></span> <span class='ocrx_word' id='word_1_69' title='bbox 646 1908 744 1977; x_wconf 90' lang='lat' dir='ltr'><strong>sunt;</strong></span> <span class='ocrx_word' id='word_1_70' title='bbox 762 1890 903 1990; x_wconf 89' lang='lat' dir='ltr'><strong>ideoque</strong></span> <span class='ocrx_word' id='word_1_71' title='bbox 915 1889 1022 1962; x_wconf 86' lang='lat' dir='ltr'><strong>forma</strong></span> <span class='ocrx_word' id='word_1_72' title='bbox 1037 1883 1199 1959; x_wconf 85' lang='lat' dir='ltr'><strong>dissident</strong></span> 
     </span>
     <span class='ocr_line' id='line_1_11' title="bbox 131 2012 1196 2115; baseline 0.002 -31"><span class='ocrx_word' id='word_1_73' title='bbox 131 2029 197 2085; x_wconf 92' lang='lat' dir='ltr'><strong>tam</strong></span> <span class='ocrx_word' id='word_1_74' title='bbox 214 2041 233 2085; x_wconf 88' lang='lat' dir='ltr'><strong>a</strong></span> <span class='ocrx_word' id='word_1_75' title='bbox 250 2041 284 2086; x_wconf 91' lang='lat' dir='ltr'><strong>se</strong></span> <span class='ocrx_word' id='word_1_76' title='bbox 302 2012 454 2102; x_wconf 90' lang='lat' dir='ltr'><strong>invicem,</strong></span> <span class='ocrx_word' id='word_1_77' title='bbox 474 2043 572 2115; x_wconf 56' lang='lat' dir='ltr'><strong>mam</strong></span> <span class='ocrx_word' id='word_1_78' title='bbox 589 2017 631 2089; x_wconf 87' lang='lat' dir='ltr'><strong>ab</strong></span> <span class='ocrx_word' id='word_1_79' title='bbox 650 2017 833 2092; x_wconf 84' lang='lat' dir='ltr'><strong>Ovidianis.</strong></span> <span class='ocrx_word' id='word_1_80' title='bbox 851 2016 948 2092; x_wconf 84' lang='lat' dir='ltr'><strong>Alius</strong></span> <span class='ocrx_word' id='word_1_81' title='bbox 963 2014 1057 2090; x_wconf 88' lang='lat' dir='ltr'><strong>color</strong></span> <span class='ocrx_word' id='word_1_82' title='bbox 1073 2015 1115 2088; x_wconf 93' lang='lat' dir='ltr'><strong>iis</strong></span> <span class='ocrx_word' id='word_1_83' title='bbox 1130 2031 1196 2101; x_wconf 83' lang='lat' dir='ltr'><strong>est,</strong></span> 
     </span>
     <span class='ocr_line' id='line_1_12' title="bbox 135 2114 1196 2243; baseline 0.002 -33"><span class='ocrx_word' id='word_1_84' title='bbox 135 2166 226 2243; x_wconf 78' lang='lat' dir='ltr'><strong>quae,</strong></span> <span class='ocrx_word' id='word_1_85' title='bbox 245 2140 315 2226; x_wconf 92' lang='lat' dir='ltr'><strong>Ill,</strong></span> <span class='ocrx_word' id='word_1_86' title='bbox 335 2138 516 2239; x_wconf 80' lang='lat'><strong>582-691,</strong></span> <span class='ocrx_word' id='word_1_87' title='bbox 535 2141 684 2230; x_wconf 79' lang='lat' dir='ltr'><strong>Acoetes3</strong></span> <span class='ocrx_word' id='word_1_88' title='bbox 703 2114 804 2230; x_wconf 69' lang='lat' dir='ltr'><strong>eslius,</strong></span> <span class='ocrx_word' id='word_1_89' title='bbox 830 2172 912 2243; x_wconf 84' lang='lat' dir='ltr'><strong>quae,</strong></span> <span class='ocrx_word' id='word_1_90' title='bbox 932 2145 980 2230; x_wconf 78' lang='lat' dir='ltr'><strong>t,</strong></span> <span class='ocrx_word' id='word_1_91' title='bbox 1009 2139 1167 2241; x_wconf 74' lang='lat'><strong>577-641</strong></span> <span class='ocrx_word' id='word_1_92' title='bbox 1186 2196 1196 2227; x_wconf 91' lang='lat'><strong>,</strong></span> 
     </span>
     <span class='ocr_line' id='line_1_13' title="bbox 132 2260 1198 2364; baseline 0.002 -30"><span class='ocrx_word' id='word_1_93' title='bbox 132 2260 300 2335; x_wconf 81' lang='lat' dir='ltr'><strong>Arethusa</strong></span> <span class='ocrx_word' id='word_1_94' title='bbox 318 2261 358 2336; x_wconf 91' lang='lat' dir='ltr'><strong>de</strong></span> <span class='ocrx_word' id='word_1_95' title='bbox 374 2291 428 2351; x_wconf 73' lang='lat' dir='ltr'><strong>se,</strong></span> <span class='ocrx_word' id='word_1_96' title='bbox 457 2261 557 2351; x_wconf 89' lang='lat' dir='ltr'><strong>alius,</strong></span> <span class='ocrx_word' id='word_1_97' title='bbox 577 2293 649 2364; x_wconf 80' lang='lat' dir='ltr'><strong>que</strong></span> <span class='ocrx_word' id='word_1_98' title='bbox 667 2267 809 2353; x_wconf 87' lang='lat' dir='ltr'><strong>AEacus,</strong></span> <span class='ocrx_word' id='word_1_99' title='bbox 826 2269 910 2353; x_wconf 78' lang='grc' dir='ltr'><strong>ΙἮ,</strong></span> <span class='ocrx_word' id='word_1_100' title='bbox 940 2262 1120 2351; x_wconf 77' lang='lat'><strong>518-660,</strong></span> <span class='ocrx_word' id='word_1_101' title='bbox 1155 2262 1198 2337; x_wconf 92' lang='lat' dir='ltr'><strong>de</strong></span> 
     </span>
     <span class='ocr_line' id='line_1_14' title="bbox 130 2387 1198 2489; baseline 0.003 -30"><span class='ocrx_word' id='word_1_102' title='bbox 130 2402 224 2486; x_wconf 90' lang='lat' dir='ltr'><strong>peste</strong></span> <span class='ocrx_word' id='word_1_103' title='bbox 234 2403 267 2459; x_wconf 90' lang='lat' dir='ltr'><strong>et</strong></span> <span class='ocrx_word' id='word_1_104' title='bbox 279 2387 530 2487; x_wconf 83' lang='lat' dir='ltr'><strong>Myrmidonum</strong></span> <span class='ocrx_word' id='word_1_105' title='bbox 540 2417 677 2464; x_wconf 90' lang='lat' dir='ltr'><strong>suorum</strong></span> <span class='ocrx_word' id='word_1_106' title='bbox 691 2389 835 2484; x_wconf 57' lang='lat' dir='ltr'><strong>origine}</strong></span> <span class='ocrx_word' id='word_1_107' title='bbox 853 2388 936 2463; x_wconf 91' lang='lat' dir='ltr'><strong>alius</strong></span> <span class='ocrx_word' id='word_1_108' title='bbox 950 2388 1106 2489; x_wconf 90' lang='lat' dir='ltr'><strong>denique,</strong></span> <span class='ocrx_word' id='word_1_109' title='bbox 1123 2417 1198 2489; x_wconf 83' lang='lat' dir='ltr'><strong>quae</strong></span> 
     </span>
     <span class='ocr_line' id='line_1_15' title="bbox 135 2507 1199 2612; baseline 0.005 -29"><span class='ocrx_word' id='word_1_110' title='bbox 135 2507 323 2610; x_wconf 78' lang='lat' dir='ltr'><strong>Cephalus,</strong></span> <span class='ocrx_word' id='word_1_111' title='bbox 342 2512 429 2600; x_wconf 84' lang='lat' dir='ltr'><strong>Vll,</strong></span> <span class='ocrx_word' id='word_1_112' title='bbox 448 2510 628 2612; x_wconf 81' lang='lat' dir='ltr'><strong>69o862‚</strong></span> <span class='ocrx_word' id='word_1_113' title='bbox 654 2512 695 2587; x_wconf 91' lang='lat' dir='ltr'><strong>de</strong></span> <span class='ocrx_word' id='word_1_114' title='bbox 713 2514 868 2590; x_wconf 89' lang='lat' dir='ltr'><strong>Procride</strong></span> <span class='ocrx_word' id='word_1_115' title='bbox 887 2543 964 2603; x_wconf 89' lang='lat' dir='ltr'><strong>sua,</strong></span> <span class='ocrx_word' id='word_1_116' title='bbox 982 2514 1138 2590; x_wconf 80' lang='lat' dir='ltr'><strong>relerunt.</strong></span> <span class='ocrx_word' id='word_1_117' title='bbox 1159 2518 1199 2588; x_wconf 92' lang='lat' dir='ltr'><strong>ln</strong></span> 
     </span>
    </p>
   </div>
   <div class='ocr_carea' id='block_1_3' title="bbox 95 2635 1200 2738">
    <p class='ocr_par' dir='ltr' id='par_1_3' title="bbox 95 2635 1200 2738">
     <span class='ocr_line' id='line_1_16' title="bbox 95 2635 1200 2738; baseline 0.002 -30"><span class='ocrx_word' id='word_1_118' title='bbox 95 2664 98 2669; x_wconf 89' lang='grc'><em>·</em></span> <span class='ocrx_word' id='word_1_119' title='bbox 131 2635 239 2738; x_wconf 92' lang='lat' dir='ltr'><strong>prima</strong></span> <span class='ocrx_word' id='word_1_120' title='bbox 255 2655 389 2712; x_wconf 85' lang='lat' dir='ltr'><strong>nautam</strong></span> <span class='ocrx_word' id='word_1_121' title='bbox 400 2637 439 2711; x_wconf 92' lang='lat' dir='ltr'><strong>de</strong></span> <span class='ocrx_word' id='word_1_122' title='bbox 453 2637 555 2712; x_wconf 91' lang='lat' dir='ltr'><strong>rebus</strong></span> <span class='ocrx_word' id='word_1_123' title='bbox 567 2639 636 2712; x_wconf 89' lang='lat' dir='ltr'><strong>suis</strong></span> <span class='ocrx_word' id='word_1_124' title='bbox 650 2639 846 2734; x_wconf 83' lang='lat' dir='ltr'><strong>garrientem</strong></span> <span class='ocrx_word' id='word_1_125' title='bbox 861 2657 895 2713; x_wconf 90' lang='lat' dir='ltr'><strong>et</strong></span> <span class='ocrx_word' id='word_1_126' title='bbox 910 2666 1008 2712; x_wconf 88' lang='lat' dir='ltr'><strong>causa</strong></span> <span class='ocrx_word' id='word_1_127' title='bbox 1018 2668 1079 2713; x_wconf 87' lang='lat' dir='ltr'><strong>sua</strong></span> <span class='ocrx_word' id='word_1_128' title='bbox 1093 2638 1200 2713; x_wconf 90' lang='lat' dir='ltr'><strong>liden-</strong></span> 
     </span>
    </p>
   </div>
   <div class='ocr_carea' id='block_1_4' title="bbox 131 2762 1195 2867">
    <p class='ocr_par' dir='ltr' id='par_1_4' title="bbox 131 2762 1195 2867">
     <span class='ocr_line' id='line_1_17' title="bbox 131 2762 1195 2867; baseline 0.006 -33"><span class='ocrx_word' id='word_1_129' title='bbox 131 2779 198 2836; x_wconf 89' lang='lat' dir='ltr'><strong>tem</strong></span> <span class='ocrx_word' id='word_1_130' title='bbox 211 2762 322 2836; x_wconf 88' lang='lat' dir='ltr'><strong>audire</strong></span> <span class='ocrx_word' id='word_1_131' title='bbox 335 2763 398 2837; x_wconf 89' lang='lat' dir='ltr'><strong>tibi</strong></span> <span class='ocrx_word' id='word_1_132' title='bbox 407 2763 547 2852; x_wconf 76' lang='lat' dir='ltr'><strong>rideris3</strong></span> <span class='ocrx_word' id='word_1_133' title='bbox 562 2764 704 2867; x_wconf 89' lang='lat' dir='ltr'><strong>ideoque</strong></span> <span class='ocrx_word' id='word_1_134' title='bbox 714 2782 747 2840; x_wconf 88' lang='lat' dir='ltr'><strong>et</strong></span> <span class='ocrx_word' id='word_1_135' title='bbox 757 2764 960 2860; x_wconf 89' lang='lat' dir='ltr'><strong>ignoscimus</strong></span> <span class='ocrx_word' id='word_1_136' title='bbox 973 2764 1067 2840; x_wconf 82' lang='lat' dir='ltr'><strong>facile</strong></span> <span class='ocrx_word' id='word_1_137' title='bbox 1080 2783 1195 2867; x_wconf 75' lang='lat' dir='ltr'><strong>poetae,</strong></span> 
     </span>
    </p>
   </div>
   <div class='ocr_carea' id='block_1_5' title="bbox 131 2886 1201 4618">
    <p class='ocr_par' dir='ltr' id='par_1_5' title="bbox 131 2886 1201 4618">
     <span class='ocr_line' id='line_1_18' title="bbox 134 2886 1192 2987; baseline 0.003 -27"><span class='ocrx_word' id='word_1_138' title='bbox 134 2887 225 2987; x_wconf 87' lang='lat' dir='ltr'><strong>quod</strong></span> <span class='ocrx_word' id='word_1_139' title='bbox 244 2886 392 2961; x_wconf 88' lang='lat' dir='ltr'><strong>Penthea</strong></span> <span class='ocrx_word' id='word_1_140' title='bbox 408 2886 626 2962; x_wconf 83' lang='lat' dir='ltr'><strong>furibundum</strong></span> <span class='ocrx_word' id='word_1_141' title='bbox 647 2887 758 2984; x_wconf 86' lang='lat' dir='ltr'><strong>longis</strong></span> <span class='ocrx_word' id='word_1_142' title='bbox 784 2888 851 2962; x_wconf 89' lang='lat' dir='ltr'><strong>illis</strong></span> <span class='ocrx_word' id='word_1_143' title='bbox 877 2889 1073 2985; x_wconf 88' lang='lat' dir='ltr'><strong>ambagibus</strong></span> <span class='ocrx_word' id='word_1_144' title='bbox 1097 2917 1192 2964; x_wconf 87' lang='lat' dir='ltr'><strong>aures</strong></span> 
     </span>
     <span class='ocr_line' id='line_1_19' title="bbox 132 3011 1195 3115; baseline 0.001 -30"><span class='ocrx_word' id='word_1_145' title='bbox 132 3014 340 3113; x_wconf 83' lang='lat' dir='ltr'><strong>praebentem·</strong></span> <span class='ocrx_word' id='word_1_146' title='bbox 360 3012 465 3085; x_wconf 81' lang='lat' dir='ltr'><strong>finxit.</strong></span> <span class='ocrx_word' id='word_1_147' title='bbox 492 3011 606 3087; x_wconf 84' lang='lat' dir='ltr'><strong>Altera</strong></span> <span class='ocrx_word' id='word_1_148' title='bbox 634 3013 844 3114; x_wconf 87' lang='lat' dir='ltr'><strong>simplicitate</strong></span> <span class='ocrx_word' id='word_1_149' title='bbox 868 3032 918 3088; x_wconf 90' lang='lat' dir='ltr'><strong>est</strong></span> <span class='ocrx_word' id='word_1_150' title='bbox 933 3014 1123 3115; x_wconf 87' lang='lat' dir='ltr'><strong>conspicua.</strong></span> <span class='ocrx_word' id='word_1_151' title='bbox 1156 3017 1195 3087; x_wconf 89' lang='lat' dir='ltr'><strong>In</strong></span> 
     </span>
     <span class='ocr_line' id='line_1_20' title="bbox 132 3138 1198 3241; baseline -0.006 -24"><span class='ocrx_word' id='word_1_152' title='bbox 132 3139 248 3217; x_wconf 87' lang='lat' dir='ltr'><strong>ultima</strong></span> <span class='ocrx_word' id='word_1_153' title='bbox 266 3141 412 3215; x_wconf 87' lang='lat' dir='ltr'><strong>adlectus</strong></span> <span class='ocrx_word' id='word_1_154' title='bbox 431 3139 626 3220; x_wconf 82' lang='lat' dir='ltr'><strong>tenerrimus</strong></span> <span class='ocrx_word' id='word_1_155' title='bbox 640 3150 827 3214; x_wconf 87' lang='lat' dir='ltr'><strong>na&#39;rrantem</strong></span> <span class='ocrx_word' id='word_1_156' title='bbox 846 3140 887 3214; x_wconf 89' lang='lat' dir='ltr'><strong>ab</strong></span> <span class='ocrx_word' id='word_1_157' title='bbox 905 3140 1000 3214; x_wconf 90' lang='lat' dir='ltr'><strong>initio</strong></span> <span class='ocrx_word' id='word_1_158' title='bbox 1026 3169 1134 3241; x_wconf 92' lang='lat' dir='ltr'><strong>usque</strong></span> <span class='ocrx_word' id='word_1_159' title='bbox 1157 3138 1198 3213; x_wconf 90' lang='lat' dir='ltr'><strong>ad</strong></span> 
     </span>
     <span class='ocr_line' id='line_1_21' title="bbox 131 3262 1200 3365; baseline 0 -26"><span class='ocrx_word' id='word_1_160' title='bbox 131 3265 233 3339; x_wconf 88' lang='lat' dir='ltr'><strong>linem</strong></span> <span class='ocrx_word' id='word_1_161' title='bbox 250 3265 400 3354; x_wconf 89' lang='lat' dir='ltr'><strong>deducit,</strong></span> <span class='ocrx_word' id='word_1_162' title='bbox 426 3264 639 3365; x_wconf 90' lang='lat' dir='ltr'><strong>studiumque</strong></span> <span class='ocrx_word' id='word_1_163' title='bbox 660 3264 801 3339; x_wconf 91' lang='lat' dir='ltr'><strong>venandi</strong></span> <span class='ocrx_word' id='word_1_164' title='bbox 820 3262 1005 3337; x_wconf 90' lang='lat' dir='ltr'><strong>interlucet.</strong></span> <span class='ocrx_word' id='word_1_165' title='bbox 1029 3264 1200 3339; x_wconf 89' lang='lat' dir='ltr'><strong>Narratio·</strong></span> 
     </span>
     <span class='ocr_line' id='line_1_22' title="bbox 134 3388 1199 3492; baseline -0.002 -27"><span class='ocrx_word' id='word_1_166' title='bbox 134 3392 238 3465; x_wconf 88' lang='lat' dir='ltr'><strong>nibus</strong></span> <span class='ocrx_word' id='word_1_167' title='bbox 255 3391 458 3492; x_wconf 76' lang='lat' dir='ltr'><strong>interpositae</strong></span> <span class='ocrx_word' id='word_1_168' title='bbox 476 3408 554 3465; x_wconf 91' lang='lat' dir='ltr'><strong>sunt</strong></span> <span class='ocrx_word' id='word_1_169' title='bbox 566 3388 736 3477; x_wconf 89' lang='lat' dir='ltr'><strong>locorum,</strong></span> <span class='ocrx_word' id='word_1_170' title='bbox 752 3389 924 3463; x_wconf 90' lang='lat' dir='ltr'><strong>hominum</strong></span> <span class='ocrx_word' id='word_1_171' title='bbox 946 3418 1124 3490; x_wconf 85' lang='lat' dir='ltr'><strong>rerumque</strong></span> <span class='ocrx_word' id='word_1_172' title='bbox 1145 3389 1199 3463; x_wconf 85' lang='lat' dir='ltr'><strong>dc-</strong></span> 
     </span>
     <span class='ocr_line' id='line_1_23' title="bbox 132 3515 1197 3619; baseline 0 -27"><span class='ocrx_word' id='word_1_173' title='bbox 132 3518 324 3618; x_wconf 70' lang='lat' dir='ltr'><strong>scnptrhnes,</strong></span> <span class='ocrx_word' id='word_1_174' title='bbox 345 3546 417 3619; x_wconf 84' lang='lat' dir='ltr'><strong>quae</strong></span> <span class='ocrx_word' id='word_1_175' title='bbox 432 3515 665 3606; x_wconf 91' lang='lat' dir='ltr'><strong>multitudine,</strong></span> <span class='ocrx_word' id='word_1_176' title='bbox 689 3517 844 3591; x_wconf 81' lang='lat' dir='ltr'><strong>varietate</strong></span> <span class='ocrx_word' id='word_1_177' title='bbox 870 3533 904 3590; x_wconf 91' lang='lat' dir='ltr'><strong>et</strong></span> <span class='ocrx_word' id='word_1_178' title='bbox 925 3517 1115 3619; x_wconf 82' lang='lat' dir='ltr'><strong>praestantia</strong></span> <span class='ocrx_word' id='word_1_179' title='bbox 1139 3547 1197 3593; x_wconf 88' lang='lat' dir='ltr'><strong>sua</strong></span> 
     </span>
     <span class='ocr_line' id='line_1_24' title="bbox 132 3639 1197 3742; baseline -0.001 -25"><span class='ocrx_word' id='word_1_180' title='bbox 132 3671 204 3717; x_wconf 90' lang='lat' dir='ltr'><strong>non</strong></span> <span class='ocrx_word' id='word_1_181' title='bbox 219 3640 369 3736; x_wconf 78' lang='lat' dir='ltr'><strong>exiguam</strong></span> <span class='ocrx_word' id='word_1_182' title='bbox 386 3641 495 3741; x_wconf 90' lang='lat' dir='ltr'><strong>operis</strong></span> <span class='ocrx_word' id='word_1_183' title='bbox 512 3659 641 3742; x_wconf 91' lang='lat' dir='ltr'><strong>partem</strong></span> <span class='ocrx_word' id='word_1_184' title='bbox 658 3639 814 3715; x_wconf 82' lang='lat' dir='ltr'><strong>efficiunt</strong></span> <span class='ocrx_word' id='word_1_185' title='bbox 841 3643 1064 3742; x_wconf 82' lang='lat' dir='ltr'><strong>Quocumque</strong></span> <span class='ocrx_word' id='word_1_186' title='bbox 1081 3641 1197 3716; x_wconf 90' lang='lat' dir='ltr'><strong>oculos</strong></span> 
     </span>
     <span class='ocr_line' id='line_1_25' title="bbox 135 3766 1199 3869; baseline -0.003 -24"><span class='ocrx_word' id='word_1_187' title='bbox 135 3767 396 3854; x_wconf 86' lang='lat' dir='ltr'><strong>circumtuleris,</strong></span> <span class='ocrx_word' id='word_1_188' title='bbox 411 3768 650 3869; x_wconf 82' lang='lat' dir='ltr'><strong>descriptiones</strong></span> <span class='ocrx_word' id='word_1_189' title='bbox 668 3767 731 3840; x_wconf 89' lang='lat' dir='ltr'><strong>tibi</strong></span> <span class='ocrx_word' id='word_1_190' title='bbox 748 3785 924 3841; x_wconf 89' lang='lat' dir='ltr'><strong>occurrent</strong></span> <span class='ocrx_word' id='word_1_191' title='bbox 940 3766 1007 3841; x_wconf 86' lang='lat' dir='ltr'><strong>sive</strong></span> <span class='ocrx_word' id='word_1_192' title='bbox 1022 3767 1199 3863; x_wconf 86' lang='lat' dir='ltr'><strong>imagines,</strong></span> 
     </span>
     <span class='ocr_line' id='line_1_26' title="bbox 138 3891 1200 3995; baseline -0.001 -27"><span class='ocrx_word' id='word_1_193' title='bbox 138 3923 210 3995; x_wconf 85' lang='lat' dir='ltr'><strong>quae</strong></span> <span class='ocrx_word' id='word_1_194' title='bbox 235 3912 267 3968; x_wconf 92' lang='lat' dir='ltr'><strong>te</strong></span> <span class='ocrx_word' id='word_1_195' title='bbox 292 3893 463 3967; x_wconf 84' lang='lat' dir='ltr'><strong>advertent</strong></span> <span class='ocrx_word' id='word_1_196' title='bbox 489 3911 521 3968; x_wconf 91' lang='lat' dir='ltr'><strong>et</strong></span> <span class='ocrx_word' id='word_1_197' title='bbox 542 3893 711 3967; x_wconf 89' lang='lat' dir='ltr'><strong>tenebunt.</strong></span> <span class='ocrx_word' id='word_1_198' title='bbox 737 3891 949 3965; x_wconf 84' lang='lat' dir='ltr'><strong>Phantasiam</strong></span> <span class='ocrx_word' id='word_1_199' title='bbox 973 3910 1080 3992; x_wconf 78' lang='lat' dir='ltr'><strong>poete</strong></span> <span class='ocrx_word' id='word_1_200' title='bbox 1100 3893 1136 3966; x_wconf 93' lang='lat' dir='ltr'><strong>in</strong></span> <span class='ocrx_word' id='word_1_201' title='bbox 1160 3893 1200 3967; x_wconf 90' lang='lat' dir='ltr'><strong>iis</strong></span> 
     </span>
     <span class='ocr_line' id='line_1_27' title="bbox 135 4014 1201 4118; baseline -0.005 -25"><span class='ocrx_word' id='word_1_202' title='bbox 135 4019 257 4093; x_wconf 90' lang='lat' dir='ltr'><strong>enitere</strong></span> <span class='ocrx_word' id='word_1_203' title='bbox 273 4019 338 4116; x_wconf 89' lang='lat' dir='ltr'><strong>jam</strong></span> <span class='ocrx_word' id='word_1_204' title='bbox 355 4044 455 4118; x_wconf 88' lang='lat' dir='ltr'><strong>supra</strong></span> <span class='ocrx_word' id='word_1_205' title='bbox 473 4017 606 4101; x_wconf 89' lang='lat' dir='ltr'><strong>monui,</strong></span> <span class='ocrx_word' id='word_1_206' title='bbox 633 4015 692 4089; x_wconf 91' lang='lat' dir='ltr'><strong>sed</strong></span> <span class='ocrx_word' id='word_1_207' title='bbox 717 4033 751 4090; x_wconf 92' lang='lat' dir='ltr'><strong>et</strong></span> <span class='ocrx_word' id='word_1_208' title='bbox 772 4015 932 4114; x_wconf 91' lang='lat' dir='ltr'><strong>judicium</strong></span> <span class='ocrx_word' id='word_1_209' title='bbox 958 4018 1028 4114; x_wconf 90' lang='lat' dir='ltr'><strong>ejus</strong></span> <span class='ocrx_word' id='word_1_210' title='bbox 1053 4017 1088 4088; x_wconf 90' lang='lat' dir='ltr'><strong>in</strong></span> <span class='ocrx_word' id='word_1_211' title='bbox 1119 4014 1201 4090; x_wconf 92' lang='lat' dir='ltr'><strong>deli-</strong></span> 
     </span>
     <span class='ocr_line' id='line_1_28' title="bbox 136 4139 1200 4242; baseline -0.001 -27"><span class='ocrx_word' id='word_1_212' title='bbox 136 4142 252 4238; x_wconf 86' lang='lat' dir='ltr'><strong>gendis</strong></span> <span class='ocrx_word' id='word_1_213' title='bbox 270 4142 443 4242; x_wconf 85' lang='lat' dir='ltr'><strong>partibus,</strong></span> <span class='ocrx_word' id='word_1_214' title='bbox 465 4170 503 4213; x_wconf 84' lang='lat' dir='ltr'><strong>ex</strong></span> <span class='ocrx_word' id='word_1_215' title='bbox 532 4139 656 4238; x_wconf 90' lang='lat' dir='ltr'><strong>quibus</strong></span> <span class='ocrx_word' id='word_1_216' title='bbox 679 4139 838 4235; x_wconf 86' lang='lat' dir='ltr'><strong>imagines</strong></span> <span class='ocrx_word' id='word_1_217' title='bbox 864 4142 1078 4241; x_wconf 84' lang='lat' dir='ltr'><strong>compositae,</strong></span> <span class='ocrx_word' id='word_1_218' title='bbox 1101 4158 1200 4241; x_wconf 88' lang='lat' dir='ltr'><strong>atque</strong></span> 
     </span>
     <span class='ocr_line' id='line_1_29' title="bbox 136 4265 1198 4368; baseline 0 -29"><span class='ocrx_word' id='word_1_219' title='bbox 136 4268 201 4341; x_wconf 90' lang='lat' dir='ltr'><strong>vim</strong></span> <span class='ocrx_word' id='word_1_220' title='bbox 227 4267 389 4368; x_wconf 89' lang='lat' dir='ltr'><strong>poeticam</strong></span> <span class='ocrx_word' id='word_1_221' title='bbox 412 4267 447 4337; x_wconf 91' lang='lat' dir='ltr'><strong>in</strong></span> <span class='ocrx_word' id='word_1_222' title='bbox 465 4265 505 4336; x_wconf 90' lang='lat' dir='ltr'><strong>iis</strong></span> <span class='ocrx_word' id='word_1_223' title='bbox 528 4265 725 4339; x_wconf 83' lang='lat' dir='ltr'><strong>exornandis</strong></span> <span class='ocrx_word' id='word_1_224' title='bbox 745 4265 896 4341; x_wconf 84' lang='lat' dir='ltr'><strong>admirari</strong></span> <span class='ocrx_word' id='word_1_225' title='bbox 926 4267 1012 4341; x_wconf 89' lang='lat' dir='ltr'><strong>licet.</strong></span> <span class='ocrx_word' id='word_1_226' title='bbox 1046 4269 1085 4339; x_wconf 91' lang='lat' dir='ltr'><strong>ln</strong></span> <span class='ocrx_word' id='word_1_227' title='bbox 1109 4267 1198 4362; x_wconf 89' lang='lat' dir='ltr'><strong>regia</strong></span> 
     </span>
     <span class='ocr_line' id='line_1_30' title="bbox 138 4389 1200 4493; baseline -0.005 -26"><span class='ocrx_word' id='word_1_228' title='bbox 138 4392 244 4481; x_wconf 81' lang='lat' dir='ltr'><strong>Solis,</strong></span> <span class='ocrx_word' id='word_1_229' title='bbox 260 4395 312 4479; x_wconf 92' lang='lat' dir='ltr'><strong>ll,</strong></span> <span class='ocrx_word' id='word_1_230' title='bbox 336 4389 467 4478; x_wconf 83' lang='lat'><strong>25-30,</strong></span> <span class='ocrx_word' id='word_1_231' title='bbox 485 4418 554 4462; x_wconf 90' lang='lat' dir='ltr'><strong>uon</strong></span> <span class='ocrx_word' id='word_1_232' title='bbox 577 4418 693 4463; x_wconf 88' lang='lat' dir='ltr'><strong>aurum</strong></span> <span class='ocrx_word' id='word_1_233' title='bbox 718 4420 833 4465; x_wconf 91' lang='lat' dir='ltr'><strong>rursus</strong></span> <span class='ocrx_word' id='word_1_234' title='bbox 855 4392 955 4465; x_wconf 89' lang='lat' dir='ltr'><strong>nobis</strong></span> <span class='ocrx_word' id='word_1_235' title='bbox 978 4411 1012 4465; x_wconf 90' lang='lat' dir='ltr'><strong>et</strong></span> <span class='ocrx_word' id='word_1_236' title='bbox 1033 4420 1200 4493; x_wconf 86' lang='lat' dir='ltr'><strong>pyropum</strong></span> 
     </span>
     <span class='ocr_line' id='line_1_31' title="bbox 138 4515 1200 4618; baseline -0.002 -28"><span class='ocrx_word' id='word_1_237' title='bbox 138 4518 300 4607; x_wconf 84' lang='lat' dir='ltr'><strong>ostendit,</strong></span> <span class='ocrx_word' id='word_1_238' title='bbox 316 4516 392 4606; x_wconf 88' lang='lat' dir='ltr'><strong>sed,</strong></span> <span class='ocrx_word' id='word_1_239' title='bbox 408 4533 446 4591; x_wconf 93' lang='lat' dir='ltr'><strong>ut</strong></span> <span class='ocrx_word' id='word_1_240' title='bbox 458 4543 632 4618; x_wconf 86' lang='lat' dir='ltr'><strong>personas,</strong></span> <span class='ocrx_word' id='word_1_241' title='bbox 649 4515 761 4603; x_wconf 87' lang='lat' dir='ltr'><strong>Diem,</strong></span> <span class='ocrx_word' id='word_1_242' title='bbox 779 4519 946 4602; x_wconf 84' lang='lat' dir='ltr'><strong>Mensem,</strong></span> <span class='ocrx_word' id='word_1_243' title='bbox 964 4519 1118 4604; x_wconf 77' lang='lat' dir='ltr'><strong>Annum,</strong></span> <span class='ocrx_word' id='word_1_244' title='bbox 1139 4515 1200 4588; x_wconf 87' lang='lat' dir='ltr'><strong>Se-</strong></span> 
     </span>
    </p>
   </div>
   <div class='ocr_carea' id='block_1_6' title="bbox 0 0 1343 5092">
    <p class='ocr_par' dir='ltr' id='par_1_6' title="bbox 0 0 1343 5092">
     <span class='ocr_line' id='line_1_32' title="bbox 0 0 1343 5092; baseline 0 0"><span class='ocrx_word' id='word_1_245' title='bbox 0 0 1343 5092; x_wconf 95' lang='lat' dir='ltr'><strong> </strong></span> 
     </span>
    </p>
   </div>
  </div>
 </body>
</html>
