2662 5092
693 38 696 51 Ι

54 716 484 789 nunonenosuon
507 723 605 792 mn.
631 724 683 792 11.
799 727 861 819 169

54 859 167 961 piunt,
183 859 392 962 abruptaque
410 859 481 934 lora
498 861 701 964 relinquunt.
811 884 862 939 315
960 949 963 953 ,

54 991 117 1061 mt,
136 972 205 1048 illic
221 993 352 1049 temone
368 975 520 1049 revulsus

54 1088 126 1162 adii
144 1088 320 1163 fractarum
337 1108 431 1191 parte
447 1107 619 1163 totamm:
682 1183 684 1187 ἢ

54 1222 81 1277 tt
96 1203 161 1278 late
178 1203 277 1280 laceri
291 1206 429 1302 vestigia
445 1234 570 1280 currus.

54 1379 57 1402 ‚
75 1321 196 1397 rutilos
212 1322 343 1396 flamma
360 1321 542 1424 populante
559 1320 715 1422 capillos,

54 1465 185 1539 receps,
205 1435 375 1539 longoque
392 1468 453 1539 per
470 1467 544 1513 aera
562 1457 666 1512 tractu
813 1463 864 1513 320

54 1554 171 1628 erdum
189 1553 230 1628 de
248 1553 328 1627 caelo
346 1553 442 1629 stella
459 1583 595 1644 sereno,

54 1669 109 1758 lit,
128 1670 241 1772 potuit
258 1670 414 1745 cecidisse
430 1670 545 1744 videri.

60 1812 80 1856 a
97 1785 206 1885 patria
222 1784 353 1860 diverso
368 1786 529 1861 maximus
546 1785 628 1860 orbe

54 1983 102 2029 itm
121 1985 149 2028 et
168 1975 308 2030 violentie.
357 1987 418 2040 tur;
441 1986 601 2046 quapropter
616 1995 679 2031 cum
693 1972 776 2033 MSS.
789 1994 866 2033 non·-

54 2071 98 2106 res.
109 2051 307 2114 unus'l'huani,
357 2054 435 2107 nullis
453 2054 566 2109 malebat
576 2058 658 2108 lacera·
668 2057 727 2108 late.
747 2054 801 2110 Sed
814 2054 866 2108 rid.

54 2128 124 2183 todd.
135 2133 272 2197 expulit...
282 2139 310 2181 et
358 2132 390 2185 ad
405 2133 435 2199 l,
450 2153 506 2206 ²99·

391 2211 448 2264 322.
459 2213 523 2264 Etsi
532 2231 582 2264 non
593 2215 691 2265 ccciiie'l.
705 2210 773 2265 cod.
786 2210 819 2263 R.
832 2210 866 2263 Α.

54 2293 97 2340 ml.
115 2285 196 2340 MSS.
210 2286 286 2340 multi
300 2326 307 2352 ,
356 2308 410 2357 que
420 2294 499 2342 sinon
508 2293 606 2344 ccccliii.
614 2292 867 2344 -Jttuetcectu'sse

54 2364 130 2436 mod,
150 2375 181 2417 ut
198 2366 307 2430 fortius,
357 2372 443 2421 oe'derr‘.
463 2369 586 2439 Respexit
600 2371 708 2423 tortasse
720 2368 867 2421 Aristotelis

54 2453 80 2498 et
95 2443 189 2497 Heius.
208 2443 312 2511 placuit.
357 2444 867 2515 Meteor.1,4;ubihujusmodiignesvo-

54 2532 105 2587 net,
116 2531 185 2575 recte
193 2520 310 2590 qttltlem,
357 2534 451 2575 cantur
463 2530 575 2582 δοκοῦντες
584 2524 663 2599 ἆςίμς
673 2524 781 2577 διέπτην.
794 2519 867 2574 Cum

54 2607 144 2661 cetere,
157 2608 312 2651 nouantem
359 2602 402 2655 tali
418 2601 491 2654 stella
508 2601 588 2654 etiam
607 2599 676 2669 apud
693 2600 865 2664 Homerum,

56 2677 120 2730 tiam
127 2677 220 2731 Senec.
231 2678 311 2747 llipp.
360 2679 390 2732 ll.
403 2689 421 2731 Δ
432 2718 439 2745 ,
454 2682 502 2747 75,
516 2679 646 2732 Minerva
656 2676 775 2748 delapsus
788 2696 868 2730 corn-

54 2756 216 2823 mimitatur,
225 2756 312 2824 scrip·
358 2768 473 2829 paratur.
487 2756 598 2812 Phaeth.
617 2776 707 2811 casum
725 2757 753 2810 in
770 2757 868 2810 Win-

54 2837 154 2903 trrjugo
162 2837 271 2903 Eripere.
280 2861 314 2875 ·-
358 2836 494 2889 telmanni
507 2836 631 2890 Monum.
646 2834 767 2902 ineditis,
780 2854 808 2887 n.
819 2835 867 2902 43,

54 2927 112 2970 tunt
124 2917 215 2970 nostri.
360 2933 510 2984 expressum
522 2913 602 2968 vides.

54 3015 71 3047 a
82 2996 182 3062 licceat.
205 2994 314 3048 Lucian.
393 2994 450 3046 323.
462 2996 568 3046 Diverso
580 2996 645 3046 orbe.
657 2994 780 3044 Diuersus
788 2993 869 3051 orbt‘s,

54 3079 113 3142 pie,
130 3082 170 3127 καὶ
182 3076 257 3147 ἅτερος
269 3082 314 3127 τῶν
361 3091 420 3142 pars
426 3071 496 3125 orbis
503 3069 767 3140 terrarumopposita,
773 3086 869 3137 nempe

54 3176 66 3206 r·
71 3153 158 3204 Rutili
162 3150 314 3220 (goldgelbe)
360 3149 578 3219 septentrionalis.
592 3150 733 3203 Eamus·
743 3145 871 3215 excepisse

69 3230 161 3283 Tacito
186 3241 313 3295 auctore,
363 3226 873 3293 Phaethonta,Veteresconstantertra-

61 3307 208 3374 babebant,
226 3327 315 3376 ponc·
363 3305 446 3373 dunt,
459 3306 509 3359 nisi
522 3303 594 3375 quod
607 3303 761 3358 Aristoteles
773 3302 805 3356 (le
818 3302 872 3356 Mi-

56 3386 131 3440 resin
140 3406 235 3457 magna
243 3396 317 3455 parte
363 3387 434 3438 rabb.
453 3389 484 3438 82
497 3405 504 3439 ι
515 3386 602 3439 lacum
614 3384 687 3454 aquis
701 3382 807 3439 fervidis
818 3402 872 3439 tes-

54 3464 316 3532 icunturetiamstam',
364 3472 485 3515 tuentem
496 3463 567 3530 juxta
578 3460 650 3515 hunc
662 3459 774 3513 fluvium
783 3459 873 3512 nomi-

54 3556 139 3623 χρυσαὶ
150 3554 227 3621 τρίχες
241 3544 317 3598 :vide
364 3552 418 3595 nat.
432 3539 628 3609 Antiquissimis
638 3537 874 3594 &redeundum

54 3622 71 3676 d
86 3622 261 3676 Anacreontis
275 3621 317 3675 od.
365 3630 422 3674 erat
430 3620 456 3672 in
465 3619 582 3687 margine
590 3616 874 3688 Europeooeitentali,

68 3704 151 3772 magis
174 3703 319 3772 probantur
365 3698 875 3767 inOceanumseptentrionalemseexo-

59 3780 171 3835 Voteide
181 3779 319 3832 deridente
366 3798 481 3843 nerano,
497 3777 529 3829 ad
547 3777 622 3844 cujus
637 3777 735 3830 ostium
746 3775 873 3829 electrum

65 3858 137 3929 Virg.
147 3858 210 3911 AEn.
224 3858 252 3923 l,
266 3861 319 3910 115.
366 3855 563 3925 reperiebatur,
583 3864 637 3907 eta
649 3872 701 3923 quo
713 3872 768 3905 non
785 3851 876 3921 procul

54 3949 114 4008 put,
127 3958 212 4009 prono
221 3939 317 4007 capite;
366 3932 457 3986 insulae
473 3931 582 3985 aberant
595 3942 721 3985 stannum
733 3931 876 3984 mittentes.

54 4018 117 4070 inser
131 4016 234 4070 callim.
247 4015 320 4087 bym-
368 4014 495 4067 Rhenum
507 4031 553 4065 eos
565 4010 718 4065 intellexisse
728 4010 836 4064 Vossius
844 4009 877 4063 ad

54 4094 196 4162 lujusmodi
210 4095 281 4161 ignes
292 4094 320 4145 in
369 4090 462 4160 Virgil.
475 4088 573 4161 Georg.
585 4090 616 4155 l,
640 4090 703 4156 482,
716 4087 878 4158 argumentis

57 4171 156 4226 Graecis
166 4172 321 4225 dicebantur
369 4188 424 4222 non
438 4167 641 4222 contemnendis
652 4167 735 4222 docet.
748 4166 801 4220 sed
811 4165 878 4220 Phe·

54 4272 65 4304 :.
79 4251 139 4303 Nat.
154 4251 254 4318 Quaest.
268 4249 295 4302 ll
312 4289 319 4316 ,
369 4245 477 4318 rccydes
497 4246 597 4316 primus
620 4244 725 4298 Padum
742 4244 770 4296 in
783 4241 878 4303 ltalia,

54 4333 156 4382 olentes.
370 4325 414 4393 qui
428 4336 485 4379 tum
497 4324 595 4378 Graecis
606 4323 773 4383 innotuerat,
786 4338 818 4372 eo
827 4335 879 4370 no-

54 4413 79 4460 ri.
91 4407 183 4459 Burm.
193 4425 268 4459 aures
278 4405 322 4457 in·
370 4404 443 4456 mine
456 4423 470 4456 a
481 4403 625 4471 majoribus
644 4401 809 4468 designatum
822 4410 877 4445 esse

55 4489 136 4540 taceri·
145 4483 323 4538 offendeban-
370 4481 472 4552 putavit
490 4480 609 4550 (Hygin.
628 4478 679 4532 sab.
700 4470 787 4540 154),
805 4468 880 4536 cuius
