2662 5092
276 744 796 816 METAMORPHOSEON
825 745 1004 814 L1B.II.
1114 749 1171 834 143
1271 848 1279 871 Ι

126 888 355 964 Dissuadere
370 886 449 961 licet
465 917 474 960 ε
492 915 561 961 non
577 905 628 962 est
645 883 962 961 tuatutavolnntas.
1135 964 1138 969 ,

128 1003 399 1106 Magnopolis,
416 1002 608 1091 Phaethon,
626 1019 659 1076 et
677 1029 748 1102 qna
766 1029 826 1074 nec
843 1000 969 1075 viribus
986 1000 1059 1077 istis

130 1120 298 1195 Munera
315 1119 528 1206 conveniant,
543 1145 605 1193 nec
621 1136 688 1191 tam
705 1114 891 1218 puerilibus
908 1117 1012 1191 annis.
1144 1141 1176 1196 55

135 1236 237 1310 Sors
253 1252 310 1309 tua
324 1231 475 1308 mortalis
489 1264 497 1306 :
512 1262 582 1306 non
599 1250 650 1307 est
661 1231 799 1308 mortale
816 1231 907 1333 qnod
924 1251 1028 1334 optas.

134 1349 238 1425 'Plus
254 1351 367 1437 etiam,
387 1376 486 1450 qnam
503 1348 594 1450 qnod
608 1348 745 1449 Superis
760 1349 952 1444 contingere
968 1348 1095 1436 fassit,

147 1468 298 1541 Nescius
318 1465 461 1540 adfectas
479 1463 628 1565 :placeat
641 1463 706 1538 sibi
725 1464 864 1565 quisque
881 1462 1017 1551 licebit,

143 1580 235 1655 llon
252 1600 361 1655 tamen
378 1578 518 1676 ignifero
536 1580 711 1680 qnisquam
726 1579 904 1655 consistere
921 1581 957 1654 in
973 1608 1031 1654 axe

153 1696 218 1772 lte
234 1695 324 1771 valet
338 1713 475 1796 excepto
493 1726 501 1769 ε
520 1696 605 1769 vasti
622 1724 754 1796 qnoque
771 1714 882 1770 rector
899 1694 1053 1798 Olympi,
1147 1721 1181 1770 oo

113 1836 118 1855 ’
158 1812 231 1909 Qui
248 1811 317 1885 sera
333 1808 473 1884 terribili
487 1809 649 1909 jaculatur
663 1809 802 1885 fulmina
818 1810 952 1898 dextra,

113 1940 126 1973 ³
159 1927 241 2002 Non
258 1926 413 2023 agathos
429 1955 544 2000 currus
562 1955 570 1999 ε
590 1943 623 1998 et
639 1925 721 2026 qnid
733 1927 815 2000 Jove
831 1927 936 2025 majus
951 1927 1134 2004 babemus?

113 2059 137 2092 '²
165 2041 280 2115 Ardua
296 2042 402 2143 prima
417 2042 469 2115 via
486 2058 554 2128 est;
572 2058 604 2113 et
622 2038 757 2140 quavis
774 2067 868 2115 mane
883 2059 1027 2117 recentes

113 2173 139 2207 ’³
165 2157 345 2231 Enitantnr
360 2156 437 2257 equi
452 2154 582 2229 :medio
597 2172 649 2229 est
662 2152 818 2230 altissima
834 2154 932 2243 cal03

127 2296 144 2328 ’²
165 2271 267 2345 Unde
279 2299 368 2346 mare
385 2288 418 2344 et
430 2289 533 2345 terras
549 2271 615 2371 ipsi
631 2268 713 2343 mihi
731 2298 816 2370 sape
832 2270 941 2345 ridere
1148 2297 1183 2348 os

155 2476 262 2530 tt-m.
272 2476 428 2529 Dissuadere
438 2477 505 2527 lice!-
516 2472 630 2527 Dissua·
711 2477 751 2544 δᾳ
763 2473 838 2534 Axe,
856 2490 936 2525 curru
950 2510 957 2537 ,
975 2473 1003 2524 in
1015 2489 1069 2540 qno
1081 2479 1185 2526 cour‘s-

132 2552 194 2607 soria
211 2553 323 2623 egregia
344 2553 510 2622 Argumenta
527 2549 631 2604 dissua-
679 2555 749 2602 lebat
757 2548 871 2618 Apollo,
887 2559 917 2601 nt
930 2548 1068 2602 Phaethon
1079 2555 1185 2605 vs.151.

131 2627 389 2685 taherniacum
406 2630 438 2682 ab
455 2627 632 2683 imbecillitate
680 2627 1187 2698 Sicetiaminnummisrepraesentatur:

130 2704 261 2775 petentis,
281 2705 381 2772 ὅζ-ὁας
403 2725 417 2758 a
439 2704 633 2759 difficultatibus
680 2705 732 2759 viel.
746 2705 890 2777 spanhem.
909 2706 942 2760 acl
960 2705 1062 2760 Callim.
1082 2709 1107 2762 b.
1126 2709 1186 2765 Del.

127 2785 190 2854 ric,
204 2783 308 2854 63-75ς
320 2785 352 2837 ab
365 2783 463 2838 insidiis
475 2785 502 2836 in
514 2783 571 2850 ria,
583 2782 633 2852 76·
681 2781 882 2856 vs.159.Currn
890 2795 978 2838 tamen
985 2786 1188 2856 sirsr'densperbi·

126 2864 173 2929 8³3
186 2863 310 2917 aserocia
321 2880 452 2930 equorum
465 2862 565 2932 84·87,
578 2861 635 2930 qni·
683 2863 761 2918 betur
771 2863 847 2929 alibi,
866 2874 896 2918 ut
907 2863 999 2918 Senec.
1017 2863 1092 2918 Med.
1105 2885 1145 2938 ap

126 2940 187 3004 bna,
203 2951 235 2994 nt
255 2941 285 2994 in
304 2939 492 3010 peroratione,
512 2939 633 3004 monita,
714 2940 755 2993 br.
770 2943 822 3007 Qui
823 2939 885 3008 sera
895 2944 1003 2994 leerr'be'li
1010 2953 1059 2996 etc.
1073 2941 1115 2995 De
1120 2940 1189 3008 sen'·

124 3039 234 3091 psetes,
251 3036 323 3071 nova
338 3018 464 3087 promissa
483 3016 577 3070 addita.
596 3015 636 3068 Ea
683 3021 736 3068 tate
743 3015 894 3082 fulminum,
901 3017 995 3084 quibus
1005 3025 1079 3070 terre!
1088 3028 1189 3088 pentes,

125 3116 189 3153 reso
218 3096 311 3150 omnia
336 3095 503 3166 probabiliter
528 3104 637 3148 tractata
683 3098 715 3151 es.
735 3097 793 3164 111,
817 3097 866 3150 303
877 3116 932 3167 sqq.
953 3108 980 3151 et
1000 3098 1073 3167 Virg.
1092 3096 1190 3167 Georg.

125 3187 204 3239 sonu
216 3181 287 3238 Me,
299 3174 356 3229 sine
369 3173 483 3243 periculo
492 3177 564 3225 :isles
575 3190 637 3226 cum
684 3191 712 3237 ι,
732 3175 781 3229 328
798 3193 853 3243 sqq.

126 3256 225 3322 rista
232 3255 382 3325 puerilibes.
393 3252 497 3312 -·Sors,
511 3246 639 3319 quidquid
718 3251 759 3304 ba.
770 3254 827 3306 Noe
838 3260 908 3320 affert.
928 3251 1017 3306 Nostri
1030 3249 1115 3304 codd.
1132 3250 1193 3307 BR.

127 3332 206 3387 nobis
216 3342 313 3384 natura
324 3329 430 3394 tribuit,
444 3339 473 3381 ut
485 3347 574 3394 mnus,
587 3325 613 3379 b.
621 3325 638 3379 l.
686 3336 751 3396 aget.
766 3330 850 3397 Agere
859 3349 971 3392 camur,
984 3348 1075 3397 equos,
1091 3349 1192 3389 neem.

128 3405 639 3467 mmzaeorsatemomticonveniem.
687 3407 792 3477 phrases
808 3408 938 3461 solemnes
958 3427 964 3460 ε
981 3405 1039 3460 vide
1059 3407 1192 3462 Bnrman-

165 3489 208 3539 55.
228 3486 391 3539 Coaerelt'ssl·
411 3481 477 3535 cod.
493 3482 589 3535 Noslet'
607 3479 640 3532 R.
688 3504 763 3540 num.
775 3488 956 3539 —Habems.
974 3483 1041 3538 Cod,
1053 3486 1085 3539 R
1096 3487 1194 3540 Aba·

132 3563 167 3617 B.
178 3566 332 3617 somniem.
689 3568 765 3617 betur.
779 3591 812 3603 -
823 3565 860 3615 E!
870 3567 933 3632 qnid
940 3573 990 3617 etc.
1002 3564 1057 3631 xl,
1078 3569 1125 3632 ²²4
1139 3586 1146 3620 t
1164 3586 1197 3619 nc

169 3644 211 3710 57.
221 3642 285 3694 Has
294 3643 426 3692 elabente.
435 3634 641 3688 imbecillitatem
689 3643 822 3708 quc'dqaam
839 3641 946 3691 nardus
962 3641 1026 3694 Jove
1043 3642 1129 3708 nesius
1142 3645 1196 3694 ha-

132 3713 440 3789 pneribeneamplificat,
448 3713 642 3780 comparatione
691 3714 1196 3788 beretfionsilinmdioentirpostulsbat,

131 3814 197 3852 cn·
207 3794 275 3861 Diis,
286 3795 342 3864 ipso
351 3792 417 3846 adeo
428 3792 506 3857 Jove,
518 3790 643 3843 instituta.
691 3803 725 3846 nt'
733 3793 774 3848 hic
786 3795 907 3863 majestas
914 3794 988 3849 tovi·
999 3795 1027 3848 in
1039 3795 1096 3850 luce
1112 3794 1197 3849 collo-

133 3900 168 3914 -
178 3874 232 3925 Ilus
242 3877 292 3932 sit,
307 3869 425 3940 possibile
437 3869 471 3921 sit
482 3886 487 3919 :
500 3865 550 3918 vid,
563 3865 644 3919 Lam-
693 3884 803 3928 caretur,

131 3945 645 4009 stn.adflorac1‚0d.xnv,2o;et
726 3953 929 4005 seminam.
948 3953 1038 4006 Prima
1056 3972 1114 4022 pars
1134 3956 1199 4010 vite:

134 4028 189 4097 IV,
202 4025 257 4082 0d.
276 4043 323 4092 w,
345 4045 383 4077 aa.
397 4025 468 4078 Hinc
478 4021 609 4088 formula,
622 4026 650 4072 si
690 4035 797 4097 primum
803 4029 1200 4086 mundamicdixitsenecsso.

131 4112 199 4161 luite!
209 4105 284 4166 etlas
293 4112 348 4179 est,
361 4122 409 4173 pro
422 4122 473 4172 qua
485 4103 580 4156 Noster
588 4101 647 4153 He·
698 4109 915 4169 rib-Recertes,
923 4110 1147 4178 noctarrnaqniete
1158 4130 1201 4161 re—

132 4183 304 4242 midd.xv1
317 4223 324 4249 ,
339 4185 403 4250 235,
417 4203 467 4251 qua
480 4186 540 4236 lice!
550 4189 578 4234 e!
584 4200 648 4248 pos·
696 4185 782 4239 creati.
791 4184 889 4237 Passim
896 4189 989 4253 retesti
992 4195 1019 4238 et
1027 4195 1136 4239 recentes
1142 4205 1202 4239 con-

123 4284 201 4335 ,mm
211 4262 303 4316 Burm.
313 4290 346 4302 -
354 4264 405 4313 Fas
417 4267 457 4313 sit.
471 4260 564 4315 Heins.
575 4258 649 4314 malit
696 4262 854 4329 junguntur,
866 4270 942 4328 atque
951 4258 1098 4329 defirte'ffalis
1111 4261 1202 4328 etses-

128 4361 186 4412 μιν
193 4348 250 4403 est,
266 4349 311 4392 aut
322 4343 363 4391 sit.
377 4363 410 4380 ·-
422 4341 530 4389 Placeat
539 4340 592 4388 se'be'
600 4347 648 4388 etc.
697 4344 735 4391 sr's
745 4358 804 4407 opp.
819 4358 825 4390 :
837 4337 888 4391 vid.
901 4336 1005 4391 Ciolan.

135 4417 264 4487 Quisque
273 4425 428 4468 caeterorum
438 4413 589 4466 Deorumse
600 4431 650 4464 ea·-
731 4416 771 4481 64.
793 4418 936 4468 Em'laalur.
960 4413 1027 4468 cod.
1056 4415 1151 4482 Regius
1171 4412 1201 4463 Β.

134 4497 236 4553 cellere
246 4505 337 4565 putet,
353 4504 481 4563 quantum
493 4492 561 4547 velit.
700 4493 860 4545 Emr'ttaatur.
879 4493 941 4546 Non
959 4492 1026 4543 male
1039 4508 1150 4558 qnoque.
