2662 5092
304 708 845 778 METAMORPHO'SEON
874 713 969 779 Llss.
999 714 1028 780 l.
1065 733 1068 739 ’
1155 742 1197 808 79

169 841 220 916 Sed
235 849 348 937 timuit,
367 880 409 925 ne
427 850 510 925 sorte
528 878 619 925 sacer
633 867 683 924 tot
696 850 738 925 ab
754 850 889 945 ignibus
905 851 1006 925 ather

168 962 337 1072 Conciperet
354 973 520 1061 llammas,
539 971 726 1074 longusque
744 973 925 1048 ardesceret
942 975 1021 1048 axis.

164 1086 227 1165 llsse
242 1123 372 1196 quoque
388 1097 422 1167 in
440 1095 517 1168 fatis
535 1096 774 1183 reminiscitur,
794 1096 905 1170 adfore
923 1114 1068 1198 tempus,

161 1207 223 1307 Quo
236 1245 340 1306 mare,
360 1245 427 1318 quo
446 1216 560 1307 tellus,
579 1235 796 1319 correptaque
813 1218 903 1314 regia
922 1217 990 1292 cali

153 1420 240 1477 Placuit
251 1444 313 1495 ergo
325 1445 408 1494 genus
417 1423 565 1479 humanum
575 1430 645 1481 de'lu-

147 1507 182 1553 sio
198 1502 370 1575 (anntuepq‘u)
388 1503 506 1573 perdere.
519 1505 578 1558 Hoc
591 1506 644 1559 de-

142 1579 265 1632 scribitur.
276 1580 330 1633 sed
339 1580 409 1647 duo,
423 1582 467 1651 qui
479 1584 579 1636 ceteris
590 1603 643 1636 an-

140 1656 290 1711 tecellebant
298 1659 407 1727 pietate,
416 1672 568 1727 servantur,
577 1665 645 1715 Ders-

136 1737 236 1795 calior,
256 1735 410 1789 Promethei
425 1748 451 1790 et
466 1737 595 1792 Pandora
611 1741 645 1793 ti-

133 1813 199 1878 lius,
212 1822 240 1865 et
250 1815 361 1882 Pyrrha,
376 1814 433 1881 ejus
444 1816 554 1882 conjux,
574 1816 645 1886 Epi·

133 1891 238 1945 metbei
263 1891 325 1944 tilia.
361 1893 399 1945 Hi
423 1893 550 1964 lapidibus
573 1897 645 1964 jussu

132 1968 278 2023 Themidis
296 1970 368 2038 jactis
392 1990 474 2041 genus
496 1973 644 2028 humanum

128 2047 305 2100 restituunt:
323 2048 355 2100 cs.
372 2049 598 2119 Apollod.1,v11‚
613 2073 643 2119 ²3

129 2124 298 2196 Hyginsab.
309 2125 361 2177 1⁵3.
368 2125 455 2180 Etiam
464 2129 584 2197 Apottod.
591 2130 643 2196 lll,

130 2217 208 2266 vm,
224 2223 255 2269 a,
267 2212 294 2255 et
307 2202 394 2257 Scbol.
407 2205 498 2276 Eucip.
510 2207 543 2259 ad
557 2208 645 2263 Orest.

134 2280 218 2347 1646,
233 2279 283 2334 boe
291 2280 418 2335 diluvium
430 2295 488 2353 post
500 2295 526 2338 et
538 2298 645 2356 propter

131 2357 266 2429 Lycaonis
282 2359 324 2412 vel
340 2359 457 2413 liliorum
472 2363 571 2417 lacinus
586 2366 644 2418 im-

132 2436 249 2489 missum
261 2449 378 2492 manant.
396 2439 491 2494 Noster
502 2443 581 2512 igitur
599 2444 644 2498 has

134 2513 242 2568 fabulas
257 2516 293 2568 ita
310 2520 461 2588 conjunxit,
481 2532 510 2575 ut
526 2541 574 2591 pro
591 2542 645 2576 una

135 2591 236 2644 baberi
246 2594 346 2662 possint.
358 2598 413 2651 Nos
424 2608 511 2651 tamen
524 2602 645 2669 sejunxi-

135 2687 220 2734 mus,
234 2681 262 2723 ut
273 2684 333 2727 sunt
343 2673 451 2729 diversa
464 2677 520 2730 loco
532 2689 558 2731 et
571 2690 645 2733 tem-

132 2767 212 2819 pore.
226 2749 279 2804 Res
290 2763 377 2806 autem
387 2755 423 2807 sic
434 2754 519 2809 habet.
534 2758 645 2811 Deuca-

131 2830 231 2895 lion,a.
242 2833 371 2900 1574aute
380 2852 458 2887 eram
468 2834 573 2895 Christ..
582 2850 645 2891 tem·

132 2927 201 2978 pore
213 2908 330 2975 Granni,
343 2930 375 2965 ex
386 2912 445 2964 Asia
455 2916 561 2967 venitin
571 2916 646 2970 Gre-

132 2990 219 3054 dam,
232 3000 259 3043 et
271 2991 382 3059 subjecit
393 2992 440 3045 sibi
454 2992 597 3064 Lycoream
612 2995 644 3047 ad

134 3068 310 3122 Parnassum:
320 3070 380 3122 vide
389 3071 509 3123 Marmor
519 3071 645 3124 Arundel.

134 3145 167 3206 l,
179 3145 238 3198 init
250 3147 341 3215 Hujus
354 3158 428 3199 aetate
440 3147 512 3200 lluvii
527 3149 645 3201 Thessa-

134 3221 196 3287 lit,
215 3223 326 3292 copiosis
336 3223 462 3276 imbribus
474 3226 559 3288 aucti,
578 3225 646 3293 ripas

135 3299 233 3368 egrasi
244 3311 324 3366 suut,
343 3320 518 3371 magnamquc
531 3302 644 3355 Thessa-

135 3374 181 3428 tie
190 3385 219 3429 et
228 3378 368 3432 vicinitatis
380 3390 480 3447 partem
496 3390 645 3434 vastarunt:

138 3453 261 3523 Apotod.
272 3457 297 3510 d.
308 3456 375 3522 l-,et
383 3458 488 3510 Aristot.
499 3459 611 3511 hleteor.
622 3459 644 3523 l,

1149 997 1199 1050 255

693 1426 793 1480 tionem
813 1427 847 1480 ad
868 1427 970 1481 ltaliam
989 1447 1094 1497 quoque
1113 1430 1200 1499 perti-

692 1505 796 1558 nuisse:
813 1504 880 1557 Plin.
895 1505 930 1558 ll.
942 1506 976 1559 N.
990 1504 1046 1571 lll,
1064 1508 1099 1572 14.
1118 1506 1199 1560 Deu-

692 1581 776 1635 calion
794 1601 857 1635 vero
869 1580 1014 1634 habebatur
1030 1583 1131 1650 generis
1143 1583 1199 1636 hu-

692 1661 763 1713 mani
783 1671 955 1726 restaurator,
968 1661 1062 1730 partim
1076 1663 1135 1730 quia
1152 1661 1199 1715 di-

692 1755 792 1805 spersos
802 1736 922 1790 homines
931 1737 1033 1808 collegit
1042 1737 1150 1807 (lustin.
1161 1738 1197 1803 ll,

694 1830 739 1881 vr,
752 1817 808 1882 rr),
822 1816 917 1885 partim
927 1815 986 1884 quia
995 1817 1198 1886 copiosissimam

692 1893 793 1962 prolem
807 1892 912 1962 reliquit
925 1908 931 1940 ἱ
944 1893 1002 1947 ride
1014 1894 1125 1947 omnino
1136 1894 1200 1947 Go-

693 1983 763 2042 guet.
780 1975 842 2025 siber
859 1975 908 2026 len
932 1974 1061 2041 Ursprurg
1080 1976 1126 2025 der
1147 1977 1198 2027 Ge·

691 2058 772 2111 setae,
787 2061 850 2114 etc,
867 2061 929 2104 tom.
944 2051 969 2105 ll
980 2092 987 2118 ,
999 2072 1023 2123 p.
1035 2053 1067 2105 23
1078 2072 1133 2121 sqq.

725 2132 781 2194 254.
793 2131 871 2181 Sacer
880 2141 929 2182 etc.
942 2129 1012 2198 Quia
1022 2131 1114 2184 celum
1123 2130 1198 2186 sedes

692 2205 820 2259 Deorum.
835 2207 922 2259 Etiam
932 2207 1130 2261 Graecisdicituc
1144 2215 1201 2280 lepte

692 2287 765 2361 eitlp·
781 2283 840 2336 vide
854 2283 964 2336 vasten.
978 2284 1087 2338 Diatrib.
1107 2286 1200 2356 Eurip.

692 2365 756 2433 p.49
770 2363 922 2428 -Lorpus,
937 2371 975 2426 ut,
992 2362 1126 2429 lablorem·
1134 2367 1202 2415 sulcr

692 2447 735 2504 et,
753 2438 814 2504 135,
827 2440 918 2503 longus
928 2441 1007 2488 lr'mes.

727 2517 783 2566 255,
797 2517 945 2581 longusque
954 2533 1001 2582 pro
1010 2520 1122 2582 totusque·
1130 2517 1201 2572 recte

694 2612 725 2645 ex
736 2592 887 2645 melioribus
899 2593 996 2661 recepit
1007 2593 1098 2646 Heius.

726 2670 782 2722 255.
799 2671 866 2722 Esse
876 2688 970 2737 quoque
980 2675 1008 2722 irr
1014 2669 1091 2737 satr's.
1107 2670 1202 2724 Della·

694 2750 840 2819 prationem
853 2749 947 2801 mundi
962 2749 1097 2812 suturam,
1116 2750 1202 2819 iuquit

695 2828 864 2893 Lactantius,
884 2827 926 2880 tit.
945 2826 977 2880 de
993 2828 1034 2880 lra
1055 2826 1123 2894 Dei,
1146 2849 1202 2899 cap.

695 2921 781 2968 xxtn,
800 2904 936 2957 vaticinata
950 2915 989 2956 est
1007 2904 1120 2975 Sibylla;
1133 2906 1202 2959 sub-

693 2985 799 3053 jicitque
817 2983 915 3036 ibidem
932 2995 984 3036 tres
998 2983 1075 3036 hosce
1090 2984 1202 3040 Ovidius

694 3082 789 3115 uersus.
812 3061 892 3132 Quod
907 3073 932 3115 ct
951 3062 1044 3115 Senec.
1056 3063 1200 3131 praescivit,

695 3140 829 3193 Consolat.
847 3139 878 3191 ad
903 3139 1052 3205 Marciam,
1076 3139 1125 3192 sub
1147 3140 1202 3210 ipsa

693 3217 761 3270 calce
773 3218 847 3270 libri:
861 3239 873 3262 c«
890 3215 985 3284 Quum
1002 3225 1105 3284 tempus
1117 3215 1201 3268 adve-

694 3297 777 3361 nerit,
793 3315 845 3364 quo
855 3314 882 3347 se
896 3293 1012 3347 mundus
1029 3303 1201 3348 renovaturus

693 3377 845 3444 extinguat,
859 3385 922 3440 etc,
942 3384 969 3426 et
984 3374 1057 3426 omni
1074 3372 1201 3445 flagrante

694 3455 802 3506 materia
817 3471 871 3504 uno
886 3452 960 3520 igne,
986 3452 1108 3522 quicquid
1128 3472 1201 3506 nunc

142 3535 184 3598 sd
200 3531 344 3588 Deuoelion
362 3555 442 3599 vero,
460 3536 503 3604 qui
518 3537 645 3606 effugerat
694 3550 724 3582 ex
736 3530 859 3600 disposito
872 3529 956 3593 lucet,
970 3528 1078 3583 ardebit.
1089 3551 1102 3575 u
1124 3528 1201 3582 ldern

135 3611 334 3678 illamdadem,
348 3625 374 3667 et
382 3615 489 3667 sortasse
500 3615 525 3666 in
536 3617 646 3668 Parnas-
696 3609 788 3661 Natur.
804 3608 1004 3676 Quaestionmn,
1018 3606 1058 3659 lib.
1074 3607 1132 3672 lll,
1145 3626 1200 3678 cap.

135 3708 234 3745 sumre
243 3703 393 3761 receperat,
405 3712 465 3745 mox
475 3692 591 3746 Athenas
600 3713 646 3744 ve·
694 3704 796 3739 xxvnr:
806 3710 818 3730 e«
830 3687 1015 3755 Quaratione,
1028 3686 1134 3754 inquis?
1148 3686 1201 3738 Ea-

136 3768 180 3820 nit
195 3768 229 3821 ad
242 3768 397 3836 Cranaum,
416 3772 528 3839 Jovique
546 3771 646 3842 Phyxio
694 3763 772 3826 dem,
793 3781 843 3830 qua
855 3761 1024 3831 conflagratio
1041 3763 1128 3850 sutura
1141 3771 1200 3813 est:

135 3847 175 3900 ob
185 3847 296 3902 atatem
306 3851 447 3919 prestitam
462 3850 588 3918 templum
601 3869 647 3902 ex·
694 3854 835 3908 utrumque
844 3841 890 3906 sit,
903 3859 983 3909 quurn
994 3839 1053 3891 Deo
1064 3857 1147 3891 visum
1155 3856 1200 3890 or·

135 3926 228 3980 citavit
239 3947 246 3980 :
257 3927 317 3980 vide
329 3929 456 3981 Marmor,
469 3927 645 3996 Arund,1‚7.
694 3920 743 3971 diri
763 3918 871 3970 meliora
885 3958 892 3984 ‚
912 3928 999 3970 vetera
1020 3916 1105 3968 finire.
1123 3917 1200 3985 Aqua

137 4004 277 4059 Diluvium
289 4026 354 4075 ergo
367 4006 429 4060 illud
439 4006 646 4059 Deucalioneum
695 4009 721 4050 ct
730 3997 796 4066 ignis
808 3993 1104 4048 terrenisdominantur.
1114 3994 1153 4046 Ex
1162 3994 1201 4046 bis

136 4081 175 4135 ad
181 4094 279 4151 partem
287 4096 389 4139 tantum
396 4085 502 4138 Graeciae
510 4084 645 4154 pertinum
695 4086 777 4140 ortus,
785 4084 811 4125 ct
819 4092 849 4125 er
856 4073 895 4125 his
901 4072 1021 4124 interitus
1028 4082 1076 4137 est,
1085 4074 1200 4125 etuna'd.

137 4160 189 4214 sed
203 4180 283 4230 quum
295 4163 381 4216 Graeci
393 4183 440 4232 per
452 4162 557 4215 colonos
567 4161 648 4215 Phoe-
728 4156 783 4221 257.
804 4150 907 4220 Dogma
924 4151 1096 4217 Stoicorum,
1115 4148 1200 4204 sidera

136 4239 224 4292 nicius
235 4239 329 4309 aliquid
343 4239 537 4309 accepissentde
550 4239 647 4302 diluvio
694 4233 790 4285 nutriri
803 4231 970 4296 humoribus,
984 4231 1076 4313 quibus
1089 4230 1199 4281 absum-

136 4315 273 4371 Noacbico
290 4318 428 4370 universali
439 4315 449 4381 ,¹
460 4315 647 4369 accommoda·
696 4314 727 4365 tis
737 4323 821 4364 toturn
829 4331 948 4365 arsurum
958 4310 1088 4364 mundum
1099 4328 1105 4359 :
1116 4308 1200 4358 Cicer.

136 4406 203 4448 runt
221 4397 246 4448 ei
267 4395 484 4448 Deucalioneum.
511 4395 601 4463 ltaque
621 4402 648 4444 et
696 4390 770 4443 Nl).
783 4392 819 4455 ll,
829 4391 975 4456 4638cnec.
985 4388 1064 4441 Cous.
1074 4384 1104 4436 ad
1116 4383 1199 4434 hlarc.

138 4473 259 4526 Romani
269 4483 444 4541 putaverunt,
458 4472 527 4524 illam
538 4470 648 4524 inunda·
697 4470 742 4534 26,
753 4470 785 4522 N.
796 4469 895 4535 Q.llt,
908 4485 973 4532 1111,
984 4469 1027 4529 283
1036 4464 1135 4516 Minue.
1145 4461 1200 4513 Fel.
