2662 5092
293 756 817 825 orornuonrnosuou
839 761 934 827 um.
960 762 1028 829 v1.
1127 761 1195 856 439

135 898 230 972 Heu!
249 913 408 997 quantum
426 895 494 969 haec
512 895 622 969 Niobe
639 894 751 976 Niobe
770 893 912 969 distabat
929 897 970 971 ab
989 896 1065 986 illa,

137 1013 220 1107 Quae
237 1011 338 1084 modo
354 1011 469 1085 Latois
486 1008 650 1110 populum
663 1009 876 1085 submoverat
892 1012 978 1100 aris,

136 1129 183 1201 Et
199 1127 337 1200 mediam
356 1127 476 1202 tulerat
493 1154 625 1223 gressus
641 1125 795 1226 resupina
813 1126 1022 1226 perurbem,
1146 1151 1194 1220 275

138 1242 305 1314 Invidiosa
323 1241 408 1328 suis;
429 1258 463 1315 at
477 1269 567 1315 nunc
585 1240 770 1316 miseranda
786 1240 837 1316 vel
853 1240 966 1328 hosti,

138 1357 349 1458 Corporibus
367 1356 483 1452 gelidis
499 1357 684 1445 incumbit;
702 1375 735 1433 et
751 1358 869 1433 ordine
881 1355 975 1431 nullo
1024 1454 1030 1462 ἱ

139 1473 265 1547 Oscula
282 1474 451 1573 dispensat
467 1492 565 1549 natos
582 1502 734 1575 suprema
751 1503 811 1575 per
827 1501 952 1549 omues.

137 1590 168 1662 A
185 1591 309 1690 quihus
325 1591 367 1664 ad
384 1589 497 1666 caelum
513 1590 646 1669 liventia
660 1591 795 1674 brachia
811 1590 971 1676 tendens,

139 1739 156 1769 «
179 1708 335 1796 Poscere,
354 1707 513 1795 crudelis,
531 1725 666 1796 nostro,
689 1710 837 1794 Latona,
855 1706 988 1793 dolore,
1152 1728 1201 1781 ooo

138 1855 155 1885 u
179 1823 353 1920 [Pascere,
372 1823 433 1911 ait,
452 1823 600 1924 satiaque
617 1851 692 1898 meo
711 1841 767 1898 tua
780 1842 916 1926 pectora
934 1820 1069 1919 luctu,]

139 1970 156 1999 »
178 1937 309 2037 Corque
326 1935 433 2017 ferum
450 1939 550 2026 satia,
570 1938 674 2014 dixit:
689 1967 750 2040 per
766 1940 881 2015 sunem
900 1955 1027 2040 septem

138 2087 155 2117 »
176 2053 308 2127 Efferor
325 2084 332 2127 :
348 2054 493 2143 exsulta,
511 2055 695 2156 victrixque
711 2056 842 2131 inimica
858 2044 1036 2156 triumpha.

138 2204 155 2235 »
178 2171 247 2243 Cur
263 2189 370 2246 autem
388 2172 529 2246 victrix?
543 2171 670 2246 misere
686 2173 768 2246 mihi
783 2172 880 2274 plura
896 2190 1099 2274 supersunt,

91 2336 98 2350 ·
140 2320 157 2351 »
179 2287 290 2382 Quam
310 2288 373 2361 tibi
389 2287 475 2364 felici
490 2318 498 2361 ε
513 2305 593 2389 post
607 2305 658 2362 tot
674 2317 808 2391 quoque
821 2290 937 2367 lunera
954 2291 1061 2367 vineo.
1079 2323 1096 2354 n
1150 2309 1199 2365 285

136 2403 273 2479 Dixerat
288 2433 295 2478 :
310 2405 461 2480 insonuit
474 2422 630 2479 contento
646 2433 766 2481 nervus
781 2407 823 2487 ab
841 2435 936 2493 arcu;

170 2583 225 2652 273.
237 2585 302 2637 Hac
310 2585 403 2646 Νίοόι,
421 2582 493 2652 qumi
502 2582 550 2636 alia
559 2594 642 2648 erret,·
692 2584 782 2651 quitur
792 2585 868 2635 lectu.
878 2610 911 2624 ·-
920 2551 1048 2637 lucodiee
1060 2583 1144 2653 Regio
1155 2583 1176 2636 A
1188 2624 1195 2650 ,

136 2660 243 2715 AEneid.
262 2663 306 2727 ll,
323 2666 386 2729 274,
403 2668 521 2729 quartum
532 2669 643 2717 mutatus
690 2662 733 2717 hic
745 2681 833 2717 versuo
846 2663 893 2715 282
907 2662 1003 2731 legitur
1014 2663 1070 2719 eine
1083 2662 1136 2715 ullo
1148 2664 1196 2717 in-

133 2742 169 2792 ab
180 2743 225 2790 illo
236 2741 350 2791 Hectore.
358 2740 484 2809 Magnam
493 2749 581 2793 autern
589 2741 643 2793 vim
692 2736 815 2801 tenello,
836 2739 863 2792 iu
875 2736 963 2792 codice
978 2738 1019 2804 B,
1042 2738 1074 2791 ad
1094 2739 1197 2809 margi·
1295 2800 1299 2805 J

134 2817 212 2870 babet
234 2817 348 2884 pristine
360 2830 387 2871 et
404 2818 538 2887 proesentis
560 2820 643 2872 sortu-
690 2834 768 2880 nem,
793 2835 808 2868 a
830 2815 944 2869 secunda
962 2835 1043 2868 manu
1062 2817 1197 2869 restitutus

133 2913 176 2950 ιιι
186 2895 354 2964 comparatio.
365 2896 642 2966 Pristinaerepetendoe
689 2903 741 2957 eot;
756 2904 783 2947 et
805 2893 870 2946 milri
887 2893 1064 2963 garrulitatem
1081 2893 1197 2948 Ovidia-
1305 2937 1315 2955 ,

132 2971 297 3026 immoratur.
314 3002 348 3013 -
364 2975 500 3040 Resupiaa.
522 2974 590 3027 Vide
608 2973 642 3027 ad
689 2988 752 3023 nam
763 2989 853 3042 sapere
865 2970 976 3024 videtur.
990 2970 1072 3040 Quod
1085 2970 1117 3024 etl
1127 2990 1195 3036 pec-

130 3068 239 3103 vertum
254 3051 306 3123 169,
318 3079 350 3091 —
362 3053 504 3117 Inrr'dr'osa5
519 3070 602 3121 quum
613 3053 640 3105 in
688 3057 758 3111 tom,
775 3049 844 3104 etad
856 3053 924 3103 dr‘xil
934 3053 1069 3112 etdolore,
1085 3048 1196 3103 Codices

130 3148 235 3183 summa
246 3141 334 3183 nostra
346 3130 467 3184 felicitate
486 3132 565 3187 etiam
578 3151 642 3185 noa-
690 3130 772 3183 nostri
784 3129 849 3183 nihil
861 3139 974 3184 mutant.
989 3127 1195 3184 Ede-Certum

130 3207 166 3262 tri
177 3204 262 3260 dicere
271 3207 386 3273 soleant,
398 3209 561 3263 lurideotibi
572 3209 641 3262 hanc
689 3216 744 3272 est,
761 3225 817 3260 nou
836 3224 909 3276 poree
927 3218 1069 3276 utrumque
1090 3224 1195 3259 vernum

130 3295 238 3338 sortem.
251 3286 493 3350 wemmam,
517 3305 574 3355 que
593 3306 641 3354 per
688 3287 808 3346 Parcere,
831 3291 886 3344 ar't.
900 3295 926 3338 et
941 3285 1198 3354 Comueete.geuui-

131 3373 220 3433 partes
231 3380 260 3414 ac
271 3362 338 3415 vices
348 3361 430 3427 fiunt,
443 3383 498 3417 non
512 3383 567 3418 uno
578 3384 640 3418 mo·
687 3382 754 3416 num
762 3382 824 3418 erse.
834 3365 959 3418 Heinsius
969 3364 1196 3436 posterioremun·

133 3450 235 3495 mento.
257 3439 351 3493 Horat.
363 3442 394 3507 l,
419 3441 472 3495 od.
490 3458 591 3510 xxm,
605 3444 639 3511 o,
687 3442 723 3494 cir
736 3443 854 3510 inclusit,
869 3463 919 3513 ego
932 3443 1065 3513 priorem,
1078 3442 1137 3511 quia
1151 3442 1195 3494 ille

133 3521 345 3573 drbr'dereoscnla.
688 3523 818 3588 acerbior,
837 3534 863 3576 et
876 3525 936 3591 quia
946 3521 1143 3592 ersfiror(seusu
1153 3523 1198 3574 su-

169 3597 295 3649 ado-282.
310 3599 431 3658 Poscere,
450 3606 499 3650 ete.
514 3594 641 3654 Heinou·
689 3599 764 3651 nebri
773 3596 801 3666 ),
814 3600 1002 3668 perspicuitatis
1014 3616 1104 3666 causa,
1115 3601 1194 3652 verba

133 3675 235 3730 censuit
264 3673 410 3728 tollendum
441 3693 546 3728 vorsum
574 3677 639 3741 28²,
683 3675 1195 3746 persuncmseplempootulat.(interum

133 3770 214 3821 quem
225 3753 368 3807 commenti
385 3753 451 3818 sint,
467 3754 511 3821 qui
526 3771 581 3805 non
592 3752 640 3804 iu·
683 3759 799 3821 ,nesciet
810 3753 895 3820 serum
913 3753 950 3808 elc
967 3755 1104 3823 conjunxit
1115 3756 1194 3827 etiam

133 3831 293 3898 tellcxerint,
304 3843 432 3902 quantum
441 3842 506 3884 erret
514 3829 641 3884 acuminis
690 3831 826 3895 Claudiam
835 3832 935 3899 xxtt,
950 3836 996 3900 ιζ,
1009 3833 1053 3903 ubi
1063 3832 1120 3885 Deu
1129 3830 1195 3885 Cle-

132 3909 160 3961 in
168 3908 228 3975 illo,
240 3910 362 3977 Essem
375 3920 420 3962 aut
432 3949 439 3974 ,
452 3909 473 3962 si
485 3909 542 3979 quis
552 3908 638 3975 molit,
688 3909 787 3962 mentia
797 3907 889 3976 docet,
900 3915 930 3962 u!
933 3912 1146 3981 peristomium
1155 3912 1198 3961 uel

131 4004 205 4055 posse
217 3987 409 4055 precedentem
421 3986 571 4042 deleri.Pro
582 4004 640 4056 poe-
687 3988 1196 4057 sangurncpascr'Turpesermquepnles.

132 4062 229 4115 teriore
245 4063 302 4117 alii:
317 4068 451 4135 Dumpurs
461 4066 634 4133 nostrajacet,
687 4091 721 4104 -
741 4067 901 4133 Wctre'ayuer
923 4067 977 4118 voti
996 4084 1103 4135 compos
1115 4083 1120 4117 :
1133 4064 1195 4119 ltine

129 4148 157 4195 e!
167 4142 225 4192 dum
232 4161 280 4206 per
279 4143 376 4209 sunem
386 4150 493 4210 septen,
508 4143 639 4197 autetiam
688 4151 776 4209 autern
790 4142 867 4196 stulta
878 4143 974 4196 Niobes
984 4143 1104 4224 euperbia
1115 4143 1193 4196 colli-

130 4220 639 4289 utrumquecumaliquavarietateexlri·
687 4220 870 4291 gitur,quoene
880 4221 995 4275 liliorum
1004 4221 1110 4293 quidem
1119 4240 1193 4275 mor-

131 4298 204 4350 bent.
219 4292 340 4366 Caposer.
349 4304 453 4364 pectora
464 4308 548 4353 mutat
559 4299 586 4352 in
597 4301 639 4353 lu-
683 4309 712 4352 te
724 4299 752 4351 in
766 4298 836 4354 Deos
855 4300 992 4355 maledieta
1009 4302 1104 4370 jactare
1119 4301 1193 4354 desi-

133 4380 203 4426 mina
221 4383 248 4426 et
267 4377 335 4428 dixit
352 4375 380 4428 in
400 4380 461 4430 viri.
481 4378 536 4430 Pro
555 4379 640 4431 dolore
684 4387 739 4430 nat.
753 4379 802 4429 Ed.

134 4452 304 4505 Burmannus
314 4492 322 4518 ,
337 4473 398 4506 curn
412 4473 467 4507 uno
478 4455 600 4511 Leideusi
611 4466 639 4510 et
719 4455 774 4507 att.
787 4457 884 4517 Arcus,
895 4474 990 4526 nempe
999 4456 1107 4523 Diana,
1117 4475 1131 4507 a
1143 4472 1195 4521 qua

136 4528 272 4598 illediceo,
287 4531 388 4599 mallet,
404 4547 500 4598 cruore,
519 4533 578 4603 quia
590 4553 638 4589 se-
686 4534 754 4589 lilim
762 4535 911 4592 intersertae
921 4557 975 4593 eree
986 4537 1200 4593 reteriauctoree
