2662 5092
347 757 879 830 METAMORPHOSEON.
1100 757 1140 842 41

90 904 158 978 ciam
180 902 352 1004 profectus
384 901 544 977 Helenam
571 901 694 1001 rapuit
723 903 905 1002 Raptorem
933 899 1038 974 secuti
1066 916 1147 972 sunt

91 1019 201 1105 Graeci,
221 1037 399 1119 postquam
416 1017 555 1106 Aulide,
573 1031 709 1117 serpente
725 1016 869 1117 quodam
880 1016 916 1089 in
927 1015 1059 1116 lapsam
1072 1043 1146 1088 mu-

89 1149 163 1220 tato,
181 1134 326 1207 Dianam
339 1131 468 1232 placare
486 1132 661 1207 voluerant
676 1131 841 1233 Iphigenia
855 1130 981 1221 oblata,
1000 1131 1053 1206 cui
1070 1159 1146 1203 voro

87 1266 211 1323 mtatae
220 1250 294 1321 Dea
308 1247 484 1321 substituit
499 1276 636 1322 cervam.
654 1249 792 1348 Trojani
806 1279 910 1350 quum
922 1249 1007 1323 lanta
1022 1248 1144 1321 adven-

88 1379 150 1438 tum
163 1364 358 1437 Graecorum
370 1365 616 1458 cognovissent,
628 1366 744 1439 armati
752 1394 809 1440 cos
820 1383 1021 1468 exspectant.
1031 1366 1148 1439 Primo

85 1480 191 1554 statim
211 1504 396 1573 congressu
419 1476 561 1585 Cycnus,
589 1479 632 1552 ab
649 1479 780 1556 Achille
807 1509 908 1583 super
930 1479 1073 1582 lapidem
1089 1509 1151 1555 ne-

82 1616 192 1685 catus,
212 1596 421 1670 convertitur
449 1625 468 1669 a
495 1597 655 1696 Neptuno
687 1597 722 1668 in
745 1624 830 1670 avem
853 1597 906 1671 sui
929 1595 1086 1671 nominis.
1119 1596 1153 1669 ls

80 1731 212 1799 autem,
229 1709 365 1812 quitclo
378 1710 473 1785 nullo
483 1710 600 1785 violari
610 1729 784 1814 potuerat,
804 1713 840 1785 in
850 1713 1002 1786 convivio
1014 1714 1154 1786 heroum

76 1827 222 1903 Nestori
238 1827 275 1903 in
297 1828 491 1903 memoriam
513 1829 690 1902 revocabat
708 1848 774 1902 tam
794 1827 930 1916 Cama,
960 1829 1155 1904 invulnera-

72 1942 189 2018 bilem
207 1962 242 2018 et
258 1944 384 2044 ipsum,
403 1961 502 2044 atque
515 1945 660 2046 primum
674 1973 692 2019 e
706 1945 828 2020 semina
839 1946 876 2019 in
887 1973 1019 2032 marem,
1037 1946 1156 2021 deinde

70 2057 121 2132 in
140 2056 279 2159 praelio,
298 2088 399 2160 quarn
410 2059 569 2133 arborum
588 2060 676 2135 mole
693 2061 904 2150 obrueretur,
921 2063 957 2136 in
974 2091 1057 2138 acam
1074 2090 1156 2136 con-

73 2203 240 2264 versum,
258 2204 355 2276 quam
380 2177 518 2249 omnino
547 2203 694 2277 pugnam
720 2175 940 2283 Cantaaramm
959 2208 1034 2253 cum
1050 2177 1156 2279 Lapi-

75 2293 165 2377 this,
185 2320 331 2393 quorum
344 2320 422 2393 pars
436 2292 574 2366 Caeneus
592 2291 708 2367 linerat.
729 2295 793 2368 His
810 2294 1031 2396 appendicula
1047 2295 1160 2369 addita

83 2411 130 2484 de
157 2409 369 2516 Pen'clymeaa
391 2409 427 2481 in
455 2409 588 2509 aquilam
609 2409 854 2483 transformato.
877 2413 1056 2510 Neptunus
1079 2438 1157 2483 vero

86 2527 198 2627 Cycni
212 2543 352 2600 mortem
370 2523 488 2598 dolens
505 2525 653 2599 exoravit
669 2524 886 2624 Apollinem,
905 2543 945 2598 ut
960 2525 1091 2599 Paridis
1107 2553 1157 2597 sa-

94 2643 216 2738 gittam
233 2641 267 2713 in
281 2640 443 2716 Achillem
461 2640 623 2727 flecteret,
643 2668 709 2739 qua
725 2638 781 2713 ille
797 2640 906 2739 periit.

140 2819 220 2891 tn.
246 2818 342 2890 Xlll.
374 2817 426 2888 De
442 2813 583 2889 Achillis
600 2815 698 2890 armis
715 2816 812 2917 Ajaa
824 2833 857 2889 et
868 2814 1007 2922 ,Ulysses
1023 2832 1162 2888 conten-

93 2932 202 3006 dunt:
222 2961 260 3006 ac
279 2929 370 3005 illius
385 2931 548 3032 quidem,
561 2960 622 3005 sua
647 2930 754 3031 ipsius
771 2959 873 3003 manu
888 2929 1066 3016 interfecti,
1085 2958 1162 3005 san-

92 3049 167 3144 guis
184 3049 222 3121 in
236 3045 432 3153 hyacinthum
446 3047 598 3120 vertitur.
633 3047 739 3146 Capta
755 3047 821 3145 jam
838 3047 959 3146 Troja,
980 3046 1111 3120 Hecuba
1126 3048 1162 3120 in

93 3165 257 3252 Thracia,
273 3164 334 3237 ubi
348 3161 635 3264 Polymnestorem
650 3163 843 3249 excecavit,
857 3162 896 3235 fit
912 3162 1005 3236 cam's.
1020 3163 1102 3261 Ejus
1113 3163 1165 3235 iu-

96 3279 286 3354 lortunium
298 3306 402 3379 quum
414 3279 472 3352 Dii
485 3306 600 3353 omnes
611 3276 839 3378 deplorarent,
854 3279 984 3351 Aurora
997 3276 1062 3352 alio
1072 3277 1165 3354 luctu

100 3397 293 3488 tenebatur,
311 3394 486 3468 Memaam's
503 3393 629 3469 sedicet
645 3395 721 3483 filii,
740 3396 834 3493 cujus
851 3423 868 3468 e
883 3394 1050 3469 cineribus
1062 3393 1167 3469 Mem·

102 3512 309 3586 aonr'desaves
319 3510 526 3611 prodierunt.
541 3510 675 3586 AEacas
682 3540 784 3612 porro
800 3511 964 3612 prologus
973 3510 1014 3586 ad
1025 3512 1165 3600 Anium,

105 3629 289 3728 cujusfilr'oe
302 3628 338 3701 in
355 3628 509 3701 calmabas
522 3647 616 3702 erant
635 3656 815 3713 conversae,
833 3647 913 3729 post
932 3627 996 3703 alia
1014 3629 1168 3729 deinceps

103 3742 175 3818 loca
187 3744 538 3819 translomratiouibus
552 3743 654 3830 clara,
672 3745 707 3816 in
719 3743 865 3818 Siciliam
880 3745 1008 3818 delatus
1019 3762 1089 3831 est,
1107 3744 1169 3817 ubi

105 3860 224 3967 Scylla,
245 3862 300 3936 cui
328 3862 462 3936 Galatea
487 3878 599 3934 narrat
626 3858 814 3965 Polyphemi
840 3889 965 3935 amores
993 3859 1171 3961 Acidriquc

109 3977 252 4065 obitum3
269 4007 336 4079 quo
352 3978 459 4065 facto,
483 3978 636 4062 Glaucus,
654 3977 689 4047 in
711 3977 817 4050 Deum
835 3978 983 4049 manicam
1000 3995 1170 4065 mutatus,

114 4110 253 4192 apparet.

159 4259 234 4331 Lm.
259 4259 351 4331 XIV.
380 4257 515 4364 Scyllam
543 4258 636 4332 Circe
659 4277 765 4333 mutat
789 4260 824 4333 in
846 4276 1021 4333 raaastrum.
1052 4260 1173 4331 AEneas

121 4391 218 4447 autem
235 4375 271 4447 in
292 4374 438 4448 Africam
459 4375 565 4463 venit,
583 4375 735 4449 obicum
754 4376 844 4450 Dido
863 4377 996 4477 excipit.
1026 4371 1174 4447 Tandem

123 4505 168 4577 ut,
183 4491 377 4566 Pithecusas
402 4508 655 4592 praetervcctus,
673 4492 735 4565 ubi
756 4490 903 4590 Cercapes
924 4520 964 4564 cx
981 4487 1174 4562 hominibus
