2662 5092
1151 699 1187 746 xl

118 815 236 890 moniae
254 830 264 867 ¹
284 814 454 916 quondam
472 814 646 890 Professor
666 813 918 903 celeberrimus,
945 812 1063 891 deinde
1085 816 1186 890 scho-

119 946 224 1022 larum
242 949 389 1035 Rector,
417 945 453 1020 in
479 946 640 1022 Montensi
658 947 788 1022 Ducatu
804 962 842 1036 ²3
865 946 946 1047 qui,
975 975 1078 1048 quum
1098 976 1186 1022 anno

124 1088 239 1181 1779,
264 1080 433 1183 specimen
446 1079 512 1178 jam
528 1077 686 1153 edidisset
701 1078 938 1153 ovidianamm
951 1076 1186 1178 Metamorpho-

118 1239 205 1297 seon,
223 1211 391 1310 integrum
405 1239 491 1312 opus
503 1210 631 1298 emisit,
644 1238 733 1284 anno
754 1208 926 1311 1784-87,
945 1237 983 1284 er
996 1211 1184 1286 recensione

119 1343 158 1416 Ρ.
176 1344 378 1432 Burmanm,
398 1343 551 1418 verietate
568 1341 737 1429 lectionis,
754 1360 790 1415 et
803 1341 894 1415 notis
910 1341 1078 1442 perpetuis
1092 1340 1187 1416 illus·

118 1490 251 1547 tratum.
277 1473 383 1569 Quod
403 1472 549 1573 quidem'
563 1500 649 1575 opus
674 1472 855 1574 perlegenti
872 1471 1032 1562 cuilibet,
1059 1490 1093 1548 et
1116 1473 1187 1546 sine

120 1604 231 1678 studio
255 1604 475 1692 examinanti,
500 1632 571 1679 non
595 1603 770 1700 indignum
792 1604 967 1693 videatur,
996 1603 1087 1704 quod
1110 1631 1186 1677 eum

119 1738 193 1838 ipso
210 1737 333 1838 lleynii
346 1735 489 1833 Virgilio
509 1765 698 1839 compares,
716 1739 819 1812 immo
838 1739 977 1813 fortasse
994 1765 1184 1840 preponas,
1203 1741 1208 1751 ‘

120 1867 301 1941 dnmmodo
330 1868 534 1958 attenderis,
567 1898 634 1970 que
661 1870 837 1966 sagacitate
853 1887 980 1947 textum
1014 1871 1184 1958 excutiat3

119 1999 230 2076 lucem
247 2029 286 2077 ex
300 2001 391 2077 fnmo
407 2003 463 2078 det
477 2004 701 2105 repentinam
719 2023 753 2079 et
767 2006 867 2104 liujus
881 2007 975 2106 qnasi
989 2006 1185 2107 labyrinthi

121 2134 277 2229 ambages
292 2133 450 2223 resolvat,
470 2153 559 2211 certo
576 2163 724 2238 semper,
748 2165 808 2210 nec
829 2165 975 2237 unquam
996 2139 1184 2238 interrupto

120 2265 179 2340 filo
190 2265 325 2341 lectoris
339 2295 459 2363 regens
479 2268 618 2364 vestigia
633 2296 641 2340 ε
657 2297 729 2369 qua
746 2268 832 2357 laus,
847 2268 923 2344 licet
938 2298 1085 2358 summa,
1099 2267 1184 2343 nihil

121 2418 228 2475 tamen
239 2401 418 2501 lleynianae
427 2399 590 2488 detrahit;
602 2400 660 2474 sed
668 2399 754 2474 hone
763 2402 932 2503 propriam
942 2418 975 2474 et
987 2400 1184 2502 peculiarem

123 2530 190 2605 sibi
205 2531 385 2606 vindicasse
399 2528 530 2605 videtur
541 2531 600 2605 Ct.
618 2529 883 2618 G1E1t1G,cui,
899 2547 949 2604 tot
965 2532 1051 2605 inter
1067 2548 1183 2604 ettam

123 2664 227 2736 varias
239 2691 348 2738 rerum
359 2663 499 2759 figuras,
511 2663 682 2738 retinenda
695 2662 811 2736 eratin
827 2662 942 2763 primis
958 2678 1063 2762 poete
1081 2663 1185 2763 ipsius

119 2794 245 2881 forma,
269 2794 363 2893 cujus
384 2822 443 2868 non
456 2795 583 2903 ⁵carellus,
602 2824 662 2868 non
682 2795 766 2868 color
784 2820 880 2878 unus,
905 2820 964 2867 uec
987 2792 1033 2865 ita
1052 2790 1185 2866 diversus

120 2944 246 3014 tamen,
260 2945 302 2999 ut
312 2927 366 3001 sui
382 2954 519 3028 prorsus
535 2926 724 3014 dissimilis,
750 2926 875 3026 quique
889 2923 1021 2999 Proteus
1036 2924 1131 3016 alter,
1147 2909 1199 2996 nt'

120 3061 254 3161 scripsit
267 3060 439 3156 ingeniose
453 3062 519 3161 jam
530 3059 668 3135 laudatae
684 3061 890 3135 Praefationis
907 3078 1039 3148 auctor,
1054 3086 1088 3159 p.
1109 3075 1184 3146 ΧΗ,

117 3193 290 3266 emendus
310 3194 442 3280 excidii,
461 3192 548 3268 fallit
563 3193 699 3282 oculos,
717 3222 735 3267 e
750 3193 867 3269 vinclis
884 3193 1012 3283 ellluit,
1029 3222 1090 3269 nec
1107 3191 1183 3268 ideo
1247 3291 1251 3301 .

117 3325 228 3399 miuus
236 3345 409 3427 perpetua,
417 3354 605 3427 quanquam
614 3327 758 3400 variante
767 3325 1184 3427 prodigialiter‚voluptate
1250 3302 1253 3311 .

119 3457 246 3531 animos
262 3456 426 3547 oblectat,
444 3456 625 3532 indelicias
642 3458 732 3559 rapit
746 3475 780 3532 et
796 3458 988 3533 suavissime
1006 3459 1141 3534 detinet.

174 3589 290 3686 Quum
317 3616 396 3662 vero
420 3589 667 3664 desiderandum
694 3616 766 3664 esse
791 3587 943 3663 nonnihil
969 3590 1004 3663 in
1028 3591 1183 3669 varietate

117 3718 297 3793 lectionum
315 3720 514 3810 sensissem,
542 3720 585 3795 ad
608 3720 747 3816 Regiam
762 3719 1005 3795 Bibliotheeam
1026 3722 1180 3820 conlegi,

117 3849 257 3927 Codices
274 3880 390 3926 omues
406 3853 650 3953 manuscriptos
666 3852 896 3956 inspecturus,
916 3852 1042 3954 siquos
1058 3853 1187 3960 dontio,

116 3984 219 4058 simos
230 3985 395 4086 interpres
407 3984 606 4080 ignorasset,
619 3984 669 4058 vel
681 3985 880 4082 neglexisset
892 3985 1117 4062 conferendos.
1130 3990 1181 4062 Ex

115 4112 169 4186 his
192 4133 340 4190 accurate
365 4113 515 4205 collatis,
541 4115 625 4191 duos
645 4120 825 4219 prasertim
847 4117 1070 4221 suppeditavit
1097 4121 1181 4194 Xlll
1248 4092 1270 4140 ⁸

148 4319 333 4382 ‘Donucam
353 4337 385 4370 en
406 4320 567 4385 Westpdale'e.

147 4418 160 4447 ²
175 4419 202 4471 A
215 4419 317 4486 leanep
323 4459 331 4483 ,
352 4421 420 4471 dans
431 4421 456 4469 le
467 4421 547 4471 duche'
558 4421 589 4470 de
601 4420 674 4486 Berg.
