2662 5092
306 110 812 173 iitsa'tnttotiuttttsusih
843 113 935 173 itu.
966 113 1040 173 lll.
1138 112 1194 171 mir

147 284 163 311 u
185 249 285 320 Scitis
303 251 406 335 eninr,
425 268 457 320 et
472 250 584 322 multis
602 250 726 322 latebra
745 267 930 349 opportuna
945 251 1064 322 fuistis.

142 396 163 426 >›
185 365 354 463 Ecquem,
371 394 472 465 quum
488 383 601 439 vestrae
621 383 672 439 tot
688 384 827 460 agantur
844 365 952 439 secula
963 367 1057 452 vitae,

144 509 164 542 >v
188 479 259 575 Qui
278 480 325 553 sie
343 481 505 568 tabuerit,
524 480 627 576 longo
644 482 839 556 meministis
855 483 889 554 in
906 483 998 554 aero?
1155 498 1204 566 445

143 624 164 658 »
186 595 232 666 Et
249 593 372 694 placet,
392 615 425 669 et
442 596 556 683 video;
578 597 635 669 sed
654 597 745 697 quod
763 596 946 695 videoque,
966 592 1157 695 placetque,

145 739 165 771 »
186 709 265 781 Non
283 726 391 783 tamen
409 711 542 784 invenio
560 742 567 784 :
587 729 698 784 tantus
714 729 802 785 tenet
822 738 914 784 error
930 710 1110 782 amantem!

146 856 166 887 u
188 824 335 925 Quoque
351 827 454 922 magis
473 826 618 916 doleam3
637 856 698 902 nec
713 857 776 901 nos
793 855 881 901 mare
899 844 1029 927 separat
1046 825 1180 923 ingens,

145 971 165 1004 »
184 941 254 1026 Nee
272 942 341 1028 via,
360 972 420 1015 nec
437 961 585 1029 montes,
602 972 662 1017 nec
680 943 799 1017 clausis
814 944 934 1018 moenia
952 941 1059 1042 portis
1074 969 1083 1026 ;

144 1085 164 1119 »
184 1056 315 1152 Exigua
331 1057 548 1158 prohibemur
562 1089 669 1160 aqua:
689 1063 781 1161 cupit
799 1062 868 1161 ipse
882 1061 986 1135 teneri
1001 1090 1009 1146 ;
1155 1076 1204 1147 450

145 1202 165 1235 a
185 1171 288 1257 Nam,
310 1175 442 1273 quoties
461 1175 597 1276 liquidis
612 1176 821 1277 porreximus
839 1174 952 1249 oscula
968 1173 1135 1274 lymphis,

145 1317 163 1348 >³
183 1286 247 1360 Hic
267 1289 365 1362 toties
384 1290 425 1364 ad
438 1319 490 1364 me
508 1291 665 1391 resupino
682 1290 802 1364 nititur
817 1319 896 1362 ore:

145 1433 164 1466 u
182 1401 288 1476 Posse
299 1423 396 1504 putes
407 1406 693 1502 tangi:minimum
705 1423 771 1494 est,
784 1405 875 1506 quod
885 1404 1072 1478 amantibus
1080 1401 1202 1475 obstat.

144 1547 163 1581 »
185 1518 349 1619 Quisquis
364 1549 413 1608 es,
433 1522 498 1594 huc
515 1523 583 1594 exi!
603 1520 683 1622 quid
700 1550 771 1608 me,
789 1549 873 1622 puer
886 1521 997 1606 unice,
1015 1518 1127 1593 saltis?

144 1665 163 1697 ’²
183 1635 303 1730 Quove
320 1638 445 1736 petitus
462 1637 558 1710 abis?
575 1655 660 1711 certe
678 1666 738 1711 nec
756 1637 880 1725 sorma,
899 1653 1052 1711 necatas
1152 1651 1203 1719 455

144 1781 162 1812 a
181 1751 243 1823 Est
254 1778 342 1838 mea,
362 1780 458 1851 quam
470 1753 578 1847 fugias
589 1783 597 1841 ς
608 1771 642 1826 et
654 1772 866 1828 amaruntme
882 1782 1015 1855 quoque
1028 1749 1199 1852 Nymphae.

145 1902 164 1934 n
184 1871 282 1972 Spem
300 1873 399 1959 mihi,
416 1875 527 1947 nescio
545 1903 658 1974 quarm
678 1874 770 1947 vultu
788 1875 955 1974 promittis
973 1873 1097 1958 amic03

145 2027 164 2059 »
185 1996 364 2097 Quumque
384 2026 446 2092 ego
463 1999 595 2098 porrexi
614 1998 677 2070 tibi
694 1997 844 2083 brachia,
863 1997 1009 2097 porrigis
1026 1995 1139 2069 ultro:

143 2151 162 2183 u
183 2119 298 2215 Quum
315 2120 390 2206 risi,
408 2120 559 2193 adrides:
578 2120 729 2195 lacrimas
745 2149 877 2220 quoque
895 2148 980 2220 saepe
996 2118 1125 2206 notavi,

140 2273 160 2307 a
180 2241 238 2314 Me
255 2239 463 2331 lacrimante,
481 2260 553 2316 tuas
569 2243 682 2315 :nictu
702 2270 833 2342 quoque
851 2241 945 2338 signa
959 2240 1121 2314 remittis:
1149 2263 1200 2330 461»

168 2455 227 2524 443.
250 2457 328 2509 Scitis
344 2461 424 2515 ear'nr,
450 2464 477 2509 e!
492 2460 577 2509 multis
595 2467 644 2510 eto
693 2456 770 2527 gitur.
789 2455 922 2522 V11,56,
944 2457 996 2522 143.
1011 2483 1045 2498 -
1065 2457 1194 2525 Le'qsridis,

136 2534 309 2589 Burmannus
323 2535 444 2602 opinatur
461 2535 643 2602 procaeitatem
692 2534 813 2606 limpidis.
824 2563 858 2575 -
867 2537 996 2602 Resupr'rro
1007 2545 1073 2599 eto,
1088 2552 1196 2604 corpore

135 2610 316 2685 nympharum
330 2611 369 2664 hic
382 2613 459 2682 tangi.
475 2611 528 2666 Sed
541 2612 645 2665 videtur
693 2613 834 2679 inclinato,
847 2631 949 2666 sursum
962 2612 1026 2682 erigi
1037 2624 1154 2666 conatur.

135 2699 215 2760 poeta
226 2690 336 2741 omnino
349 2701 465 2743 amantes
477 2690 643 2756 intellexisse,
725 2693 781 2758 454.
792 2694 945 2745 Puerum'ce.
958 2692 1036 2744 Unus
1048 2690 1197 2756 Palatinus,

137 2767 183 2836 qui
194 2768 249 2820 sere
259 2767 313 2820 lora
321 2779 432 2833 remota,
442 2769 549 2821 silvaset
558 2778 642 2833 antra,
692 2785 762 2822 unus
774 2768 884 2837 Argent.
895 2780 922 2822 et
932 2768 1022 2840 Thysii
1034 2766 1128 2833 codex,
1136 2788 1200 2835 puer

136 2864 257 2917 querere
277 2847 370 2899 solent.
392 2845 541 2899 Commoda
555 2857 643 2900 autern
692 2850 785 2908 rirside,
801 2846 872 2915 quod
886 2846 1007 2909 Danieli,
1020 2845 1131 2898 Heinsio
1145 2845 1197 2914 plu·

136 2935 177 2978 est
187 2924 245 2978 hoc
253 2923 286 2979 ad
297 2924 371 2977 silvas
383 2924 544 2993 apostropha.
551 2953 584 2964 -
591 2929 643 2978 Ec-
692 2923 811 2976 tebat-
821 2926 931 2986 Uur'cus,
949 2942 1027 2992 quem
1035 2942 1088 2994 pre
1098 2923 1198 2977 ceteris

134 3021 227 3071 quen.
249 3022 323 3071 quum
334 3010 422 3054 vestre
436 3012 483 3054 etc.
498 3001 574 3055 Ordo
586 3014 642 3056 est:
692 3020 824 3067 amamus,
840 3003 900 3070 quia
917 3002 1016 3055 caeteris
1034 3012 1138 3071 prestat
1155 3001 1195 3053 vel

135 3078 259 3150 Ecquem
267 3079 435 3153 meministis,
449 3078 475 3130 in
487 3078 565 3147 longo
571 3097 641 3145 aevo,
692 3080 772 3132 animi
788 3080 830 3132 vel
841 3080 955 3148 corporis
967 3079 1076 3133 dotibus.
1095 3078 1197 3131 Multus

135 3156 182 3226 qui
201 3156 237 3210 sic
256 3157 384 3222 tabuerat,
399 3167 425 3207 et
437 3155 560 3224 paulatim
571 3174 642 3209 con-
692 3168 731 3210 est
746 3158 775 3209 in
788 3156 813 3211 h.
826 3177 849 3210 v.
861 3155 1012 3227 explicando
1020 3155 1113 3208 Heius.
1125 3155 1156 3207 ad
1170 3156 1195 3208 lr.

132 3245 256 3306 sumptus
265 3234 319 3288 sit?
332 3237 381 3290 Ed.
691 3236 707 3288 l.
720 3237 792 3289 Raro
803 3236 911 3307 ponitur
923 3255 971 3306 pro
982 3254 1053 3288 unus.

167 3304 224 3380 448
237 3316 291 3366 Nec
298 3332 343 3364 nos
350 3332 418 3365 mare
424 3320 528 3380 separa!
531 3323 579 3366 etc.
587 3313 642 3366 Pli-
724 3317 779 3384 457.
796 3318 926 3368 Promittis
939 3313 1087 3383 exquisitius
1101 3333 1196 3385 quarn,

131 3390 209 3458 nius,
224 3390 306 3461 Epist.
319 3389 376 3457 VI,
396 3407 423 3457 1,
440 3411 449 3442 r
465 3393 641 3444 :Desr'derr'um
690 3392 926 3453 sacis-Amicus,
943 3391 1037 3445 hilaris.
1046 3391 1194 3463 vt11‚677,

130 3472 276 3525 absentium
292 3471 468 3535 nitrtpernde
479 3489 511 3522 ac
523 3475 642 3522 mbrhr'las
690 3473 849 3522 donr'uullus.
863 3495 897 3510 -
910 3471 1018 3521 Porrcxs'
1032 3470 1086 3520 tibi.
1105 3467 1196 3520 Codex

129 3545 391 3601 acuat-Sedunum
401 3546 642 3617 hisimpedimentis
691 3551 789 3622 Regius
801 3550 825 3604 Α
836 3590 844 3616 ,
861 3568 910 3619 pro
920 3552 980 3611 tati,
995 3546 1075 3602 hahet
1085 3568 1148 3601 mea.
1163 3575 1195 3586 -

131 3624 205 3693 male
218 3636 458 3689 commemoratur;
471 3644 501 3677 ea
514 3624 586 3677 enirn
597 3626 643 3677 sa·
690 3630 768 3682 ll'r‘ctu
779 3627 851 3682 dedit
860 3629 1029 3683 Burmannus
1038 3646 1068 3680 ex
1082 3645 1135 3678 uno
1146 3625 1198 3677 Ju-

96 3704 99 3709 ’
130 3703 183 3759 cile
196 3712 283 3773 potest
294 3703 424 3756 transiliri.
438 3729 472 3742 -
490 3705 643 3756 Tencteros
691 3705 787 3773 niano,
801 3724 884 3775 quum
895 3706 982 3759 caeteri
996 3712 1056 3757 nutu
1072 3712 1117 3754 aut
1130 3709 1198 3753 motu

130 3781 388 3851 nonnumquam
396 3781 469 3852 potiti
478 3791 641 3848 summoto,
690 3780 811 3835 habeant.
825 3809 858 3821 -
874 3782 950 3851 Regii
964 3779 1062 3840 nostri,
1079 3783 1150 3828 nutu.
1165 3803 1196 3814 -

133 3870 164 3913 et
174 3858 261 3914 ferme
277 3878 338 3914 cum
352 3858 509 3928 amplexibus
525 3858 643 3926 conjun-
691 3856 1199 3930 tteluspropriusenamantium,quum
