2662 5092
841 316 847 329 ό

133 720 199 806 460
400 723 440 788 Ρ.
473 718 653 790 OVIDII
678 716 908 789 NASONIS

136 895 153 925 »
173 858 210 932 Si
227 874 333 932 tamen
349 857 418 934 hec
434 859 552 960 Superi
568 876 728 947 cemunt;
746 859 775 932 si
792 858 932 932 numina
947 857 1069 960 binum

136 1007 153 1038 »
174 975 260 1047 Sunt
276 972 422 1074 aliquid;
440 975 468 1046 si
483 1003 554 1048 non
570 975 741 1075 perierunt
758 973 872 1047 omnia
888 1001 1039 1062 meenm3

137 1123 155 1154 »
174 1089 461 1190 Quandocumque
477 1090 559 1164 mihi
576 1118 691 1192 poenas
708 1089 805 1163 dabis
820 1119 828 1162 :
844 1089 939 1189 ipsa,
957 1088 1087 1189 pudore

136 1239 153 1270 »
174 1205 347 1303 Proiecto,
364 1223 420 1279 tua
434 1204 518 1281 sacta
535 1205 676 1307 loquar:
691 1207 720 1279 si
736 1206 833 1307 copia
851 1205 970 1295 detur,
1145 1227 1189 1297 545

137 1352 156 1385 n
175 1323 216 1392 ln
232 1319 378 1420 populos
395 1320 521 1396 veniam
536 1351 545 1394 ι
559 1320 698 1394 sisilvis
711 1319 821 1395 clausa
838 1320 999 1412 tenebor,

137 1469 154 1498 ³»
174 1433 325 1535 Implebo
342 1433 440 1509 silvas
457 1453 490 1509 et
507 1436 639 1509 conseia
660 1464 737 1508 saxa
754 1434 907 1535 querelis

138 1584 155 1614 »
176 1551 302 1624 Audiat
318 1540 386 1625 hec
404 1552 523 1636 aether,
541 1570 574 1625 et
591 1553 619 1625 si
637 1552 729 1624 Dens
745 1549 836 1624 nllus
853 1551 888 1623 in
906 1549 968 1623 illo
983 1568 1045 1624 est.
1064 1584 1083 1618 a

137 1666 277 1739 Talibus
293 1667 342 1740 ira
355 1667 415 1741 seri
431 1686 610 1768 postquam
626 1677 790 1740 commota
808 1667 962 1767 tyranni,

138 1783 207 1854 Nec
224 1784 333 1855 minor
350 1783 410 1856 hac
429 1802 536 1857 metus
553 1800 621 1868 est;
641 1811 738 1856 causa
753 1781 946 1856 stimulatus
965 1800 1127 1884 utraque,
1150 1802 1198 1855 550

140 1897 218 1993 Quo
236 1897 300 1972 suit
318 1901 501 1988 accinctus,
518 1899 635 1995 vagina
651 1898 770 1972 liberat
786 1927 921 1986 ensem,

129 2020 381 2123 'direptamque
399 2053 509 2108 coma,
527 2022 619 2096 flexis
637 2040 716 2122 post
731 2039 824 2116 terga
839 2021 995 2108 lacertis,

139 2140 258 2217 Vincla
277 2146 345 2245 pati
362 2148 452 2240 cogit
468 2177 475 2218 :
489 2145 642 2244 jugulum
659 2143 842 2218 Philomela
856 2144 1020 2244 parabat,
1086 2140 1087 2143 ¹

143 2265 309 2367 Spemque
327 2297 393 2342 suae
412 2270 529 2342 mortis
545 2270 616 2342 viso
635 2284 830 2369 conceperat
847 2293 938 2340 ense.

143 2389 203 2470 llle
221 2392 426 2488 indignanti,
444 2413 477 2467 et
493 2423 615 2468 nomen
631 2393 734 2494 patris
750 2420 856 2492 usque
874 2391 1033 2479 vocanti,
1153 2408 1198 2460 555

145 2515 364 2616 Luctantiqne
383 2516 493 2617 loqui,
512 2544 731 2617 compressam
747 2514 873 2613 forcipe
890 2511 1046 2607 linguam

145 2636 297 2711 Abstulit
313 2667 391 2712 ense
408 2640 479 2713 fero
499 2638 613 2712 :radix
630 2639 729 2713 micat
744 2637 860 2711 ultima
879 2634 1008 2730 linguae
1018 2664 1030 2723 ;

178 2848 233 2912 542.
245 2848 383 2900 Sinemiea
393 2858 441 2901 ete.
453 2847 498 2915 Si,
509 2847 649 2916 quoniam,
700 2846 768 2899 dices
780 2845 854 2915 Regii
864 2843 964 2896 hahent
972 2848 1149 2896 consectum
1155 2858 1202 2890 ιο·

111 2921 115 2930 ’
146 2923 190 2976 Dii
202 2923 298 2994 aliquid
314 2925 419 2991 valent,
439 2926 584 2994 sipotestns
599 2944 652 2978 eo-
700 2929 774 2991 oebo‚·
788 2924 867 2976 altera
883 2922 961 2975 lectio
978 2922 1149 2992 prestantior.
1159 2920 1204 2971 Ed.

146 3021 206 3053 rnen
218 3002 326 3056 estsatis
338 3001 428 3055 valida.
450 3004 480 3070 l,
501 3006 556 3070 545.
573 3032 607 3044 -
625 3005 656 3056 Se·
733 3005 789 3056 551.
806 3004 928 3065 heterae-
949 3018 1075 3074 proquo
1096 2995 1208 3051 nonnulli

145 3084 389 3145 nonperieruntetc.
414 3082 472 3133 Vox
487 3081 583 3134 summi
597 3079 651 3133 do·
700 3082 798 3135 habent
812 3084 915 3145 derepit,
933 3078 1009 3147 quod
1030 3078 1131 3146 prefert
1142 3073 1203 3127 Cio·

147 3155 224 3223 loris,
238 3158 283 3225 qui
294 3158 329 3210 ita
341 3169 418 3228 auget
429 3177 502 3211 suam
512 3157 651 3210 miseriam
700 3163 783 3214 sanus.
797 3157 887 3212 Codex
902 3158 1006 3226 Regius
1019 3159 1057 3223 B,
1071 3176 1086 3207 a
1102 3149 1203 3206 minda

147 3259 180 3276 ···
193 3240 224 3289 Iu
231 3241 338 3305 populos
350 3243 462 3298 unciam,
480 3237 512 3290 ad
526 3237 652 3308 populum
701 3257 797 3303 manu,
815 3236 894 3287 habet
912 3238 1016 3299 derepit.
1031 3261 1065 3272 -—
1081 3233 1196 3286 ΜΗ,

146 3313 413 3384 prodibo-Querela)
422 3335 453 3367 ex
459 3315 653 3383 Langermanni
703 3316 793 3368 melius
806 3331 885 3381 quarn
895 3314 1057 3378 pom'gebat.

148 3392 360 3462 Exceeptisdedit
369 3395 475 3458 Burm.‚
486 3412 569 3462 quum
577 3393 653 3464 vulgo
736 3396 790 3448 555.
807 3394 855 3443 Ille
871 3393 1077 3456 indignante)...
1094 3389 1203 3470 wanti..

148 3468 653 3539 legaturmoneboDubitabatenimille,
704 3473 876 3535 Luctanlique.
900 3464 1018 3518 Codices
1038 3464 1121 3517 nostri
1140 3459 1205 3528 liegii

149 3567 182 3601 an
196 3568 226 3602 ex
238 3551 426 3605 consuetudine
441 3551 573 3607 ovidiana
584 3553 655 3606 abso·
703 3545 801 3598 habent
813 3546 1000 3610 ihdi'gnaaetcm.
1014 3540 1205 3598 wmffflill‘·

148 3626 203 3681 lnte
216 3626 317 3682 dicatur
331 3636 431 3696 implere
445 3635 531 3683 sileas.
545 3630 599 3683 Sed
616 3631 656 3682 vir
703 3630 810 3686 tanum,-
820 3621 907 3674 ethaec
916 3619 997 3672 lectio
1008 3619 1077 3670 forte
1090 3617 1204 3703 snitum,

149 3704 242 3759 doctus
254 3706 280 3758 in
292 3707 451 3761 Bibliotheca
464 3709 553 3778 Tignr.
566 3729 590 3778 p.
605 3727 654 3779 7⁰·
704 3721 783 3771 quam
793 3702 950 3768 interpretes
967 3697 1114 3766 tautologia
1125 3696 1205 3746 ollenn

149 3796 229 3854 negat
252 3784 345 3837 duram
369 3805 423 3838 esse
441 3786 541 3856 ellipsin
557 3808 563 3849 ;
582 3805 656 3855 posse
705 3788 873 3832 mutaverunt
892 3796 899 3828 :
919 3776 1052 3829 haevoces
1066 3774 1208 3826 referuntur

148 3865 220 3917 enim
230 3886 261 3918 ex
269 3866 482 3920 antecedentibus
487 3869 572 3935 sactis
584 3867 655 3920 tacite
705 3855 736 3909 ad
750 3860 869 3923 ‘saluam-
888 3852 938 3905 Ed·

149 3942 270 4011 suppleri.
290 3944 378 3997 Etiam
395 3944 473 3997 verba
489 3951 586 4013 pudore
598 3965 658 4013 pro·
738 3938 794 4004 557·
811 3937 899 3986 M&
911 3937 993 3984 mica!
1002 3941 1053 3984 ⁰¹0
1064 3927 1146 3984 5³3²
1155 3943 1206 4019 Ἦ·

145 4020 216 4082 jecto
227 4022 368 4075 lectionem
380 4023 505 4090 reiectam
519 4023 657 4094 postulare.
706 4035 748 4069 ⁵¹1³
756 4034 797 4067 res
807 4013 1209 4081 ellss8n132quam¹²mn⁵¹m'

152 4097 244 4166 Neque
268 4099 441 4153 Philomelam
460 4100 525 4153 velle
547 4101 657 4153 omnino
706 4093 893 4149 litndineadeo
908 4092 1022 4153 illustrat
1036 4100 1125 4160 poeta.
1142 4082 1210 4154 Apud

151 4176 243 4242 queri,
261 4178 307 4232 sed
319 4179 386 4231 sacta
399 4178 455 4232 dira
472 4178 551 4230 Terei
570 4178 657 4247 eloqui
707 4173 861 4246 Hyginum,
875 4171 977 4222 Tereus
990 4168 1113 4221 vitiatam
1126 4165 1208 4220 Philo·

150 4253 192 4307 vel
210 4254 375 4321 hominibus,
389 4256 429 4309 vel
443 4256 507 4309 saxis
518 4256 610 4309 saltem
630 4266 658 4309 et
706 4253 802 4306 melam
810 4249 919 4303 mandat
927 4247 958 4300 ad
969 4248 1113 4320 Lynceum
1122 4261 1222 4313 regem*

150 4332 226 4386 silvis.
236 4332 340 4387 Dictam
348 4345 436 4387 autern
448 4352 502 4386 esec
516 4331 657 4400 Vulgatam
708 4332 759 4387 Sed
770 4327 976 4385 Nostervidetnr
989 4327 1023 4381 de
1034 4324 1207 4380 industrialia

151 4411 185 4465 ad
198 4409 262 4463 illud
277 4410 368 4479 virgil.
379 4431 386 4464 ι
397 4416 508 4465 Flectere
524 4415 552 4461 si
566 4429 658 4478 nequeo
707 4409 810 4462 dissime
822 4423 932 4475 quaeque
944 4414 970 4456 ct
981 4398 1210 4457 crudelissimam

151 4492 271 4560 Superos,
285 4490 542 4556 Actematarqorebo.
554 4515 587 4528 -·
602 4487 659 4542 Co-
705 4489 792 4543 sabula
810 4485 956 4555 exprimere
975 4482 1098 4536 voluisse.
1111 4509 1144 4521 ·-
1153 4479 1209 4530 Τπ-

536 4768 554 4803 N
