2662 5092
132 752 198 818 aa8
408 748 448 812 P.
480 746 659 817 OVIDII
686 747 920 820 NASONIS

130 887 225 961 Illius
243 883 389 986 impulsu
413 914 517 986 quum
535 887 686 961 turribus
703 885 806 961 ardua
822 887 920 962 celsis

131 1002 257 1077 Moenia
274 1019 365 1076 mota
383 1000 496 1075 forent
507 1030 522 1090 ς,
533 1030 670 1104 serpens
687 1002 758 1076 sine
774 1002 911 1077 vulnere
925 1009 1067 1097 mansit,

129 1120 322 1218 Loricaque
338 1116 444 1190 modo
463 1116 611 1217 squamis
627 1116 802 1207 defensus,
820 1135 855 1193 et
870 1138 949 1195 atros

131 1234 264 1309 Duritia
279 1231 397 1334 pellis,
416 1230 542 1306 validos
559 1250 635 1307 oute
650 1233 799 1334 reppulit
815 1234 913 1310 ictus.

131 1351 179 1423 At
194 1378 264 1423 non
281 1348 406 1423 duritia
421 1345 567 1447 jaculum
584 1377 720 1449 quoque
734 1349 838 1423 vincit
854 1351 990 1441 eadem,
1148 1372 1173 1427 st

132 1463 238 1562 Quod
254 1462 366 1537 medio
385 1461 482 1536 lentae
499 1462 602 1535 fixum
618 1464 805 1538 curvamine
821 1464 926 1565 spiuae

134 1579 315 1666 Constitit;
333 1595 367 1652 et
384 1595 459 1652 toto
476 1577 647 1652 deseendit
661 1579 697 1652 in
715 1580 771 1653 ilia
785 1579 885 1655 ferro.

132 1695 213 1785 llle,
231 1695 345 1770 dolore
363 1693 475 1783 seror,
492 1712 592 1797 caput
610 1696 645 1768 in
663 1725 722 1770 sua
737 1715 829 1793 terga
844 1699 1002 1787 retorsit,

134 1812 348 1913 Vulneraque
365 1809 531 1912 adspexit,
550 1809 718 1911 fixumque
736 1812 854 1888 hastile
871 1814 1075 1890 momordit:

134 1927 259 2028 ldque,
277 1925 338 1999 ubi
353 1925 387 1999 vi
405 1923 511 1999 multa
529 1942 657 2025 partem
675 1924 827 1999 labefecit
842 1927 879 2000 in
894 1956 1050 2017 omnem,
1154 1968 1178 2021 p

135 2043 201 2114 vix
218 2058 312 2136 tergo
330 2041 472 2141 eripuit3
491 2039 616 2114 serrum
634 2057 743 2114 tamen
760 2039 894 2116 ossibus
912 2043 1025 2119 haeret.

136 2159 226 2231 Tum
242 2184 340 2241 vero,
357 2171 535 2254 postquam
554 2153 670 2228 solitas
685 2156 822 2230 accessit
838 2156 879 2231 ad
897 2158 963 2232 iras

137 2273 241 2368 Plaga
255 2298 384 2360 recens,
402 2268 511 2372 plenis
529 2288 724 2346 tumuerunt
739 2288 873 2367 guttura
888 2272 1000 2359 venis;

137 2471 219 2520 os'ctor
228 2468 302 2526 ss'cti,
314 2462 384 2527 xtl,
398 2461 461 2525 235,
475 2468 574 2513 vastans
583 2478 648 2512 oas—
695 2462 818 2530 concuti,
831 2462 1003 2516 solebant-
1015 2465 1109 2517 herke
1118 2482 1183 2533 genas

137 2548 202 2605 tion
215 2539 307 2608 Virgil.
317 2535 475 2603 AEneid.V,
488 2539 535 2606 4⁴7
545 2551 552 2584 τ
562 2540 648 2605 μανὰ
695 2538 803 2609 intellig.
815 2541 843 2593 in
860 2558 1035 2608 squamarum
1047 2542 1185 2612 σμίκιιεί

136 2624 246 2688 graviter
254 2620 380 2675 concidet:
393 2616 506 2668 Homer.
518 2618 591 2682 piyoee
603 2638 649 2681 με·
697 2618 913 2671 ereconsectum.
931 2617 1185 2688 virgifflneidlx,

138 2705 248 2765 petoni.
258 2693 398 2748 Demosth.
413 2692 446 2746 de
463 2691 526 2745 cor.
542 2712 567 2761 p.
581 2692 648 2745 288:
698 2714 761 2763 707,
775 2698 873 2764 duplici
878 2715 985 2765 spem
991 2701 1188 2764 Ion'cefidels'se

140 2776 240 2832 innexis
251 2782 325 2831 κακῶς
337 2775 464 2842 ε’πίτριψας.
482 2769 555 2822 Male
568 2769 649 2838 igilur
697 2772 782 2831 Atre,
797 2791 910 2842 proquo
919 2774 989 2829 male
1002 2775 1098 2831 Helm.
1107 2775 1188 2830 nst·

139 2851 165 2904 lr.
181 2852 197 2905 l
213 2849 354 2918 Schepper.
373 2866 426 2900 eor.
447 2852 521 2914 sisque
540 2864 649 2913 αμα
696 2849 839 2915 batilde,
859 2851 1029 2921 improbante
1040 2853 1189 2909 etiannu-

142 2949 240 2999 maguo.
255 2928 294 2981 Ex
310 2923 492 2996 magnitudine
507 2935 596 2977 autem
610 2925 650 2977 la·
698 2945 808 2980 manno.

141 3008 207 3080 pidia
214 3006 300 3072 missi,
312 3004 390 3074 ipsius
398 3001 495 3056 Cadmi
502 3012 600 3055 statura
606 3001 650 3053 in·
730 3003 771 3056 65.
788 3007 881 3060 macte
892 3005 983 3059 Nostri
992 3003 1118 3075 Codioes,
1128 3009 1190 3065 sset.

142 3087 275 3157 telligitur.
293 3081 408 3151 Quintil.
427 3082 491 3134 lust.
504 3079 648 3147 Vlll,1v,
699 3080 771 3150 quod
793 3083 898 3150 probo,
924 3093 1035 3152 propter
1053 3083 1191 3153 sensistin

143 3167 181 3231 αξ.
195 3163 310 3216 Heroica
322 3169 397 3212 etate
409 3156 531 3210 homines
544 3156 650 3208 arbores
699 3177 777 3212 versu
786 3159 946 3229 precedenti
957 3171 985 3214 et
995 3161 1024 3213 in
1036 3180 1114 3217 verso
1123 3162 1192 3217 sss

142 3239 297 3312 proceritate
314 3255 449 3307 superasse
466 3233 650 3303 fingebantur:
699 3241 780 3290 torsit.
800 3240 902 3299 Vs'scs'l.
922 3238 1042 3307 repellit;
1062 3238 1192 3295 saneah

142 3322 202 3376 vide
213 3321 246 3374 ad
259 3319 330 3385 Xll,
348 3317 405 3369 352.
424 3312 495 3367 Talis
509 3322 650 3381 tantusque
698 3314 783 3384 jacula
794 3314 863 3369 rinei
874 3315 1017 3387 dicuntur,
1028 3338 1114 3388 quum
1124 3317 1193 3389 repel-

142 3400 222 3454 etiam
241 3395 358 3451 Cadmus
372 3391 460 3445 iuliae
473 3408 561 3461 pugna
578 3390 652 3461 cogi·
699 3391 799 3445 luntur.
813 3396 864 3446 Ed.

143 3476 240 3534 tandos
255 3488 301 3530 est.
323 3475 392 3530 Saxo
417 3471 496 3525 misso
516 3469 653 3524 suocubuit
732 3471 773 3524 66.
794 3474 872 3538 Quod
881 3477 962 3527 meltis
975 3478 1051 3530 testa
1064 3485 1114 3531 etc.
1129 3473 1194 3529 Mul-

144 3557 224 3609 draco
245 3552 391 3607 secundum
410 3548 539 3604 Hellanic.
560 3548 653 3616 Eurip.
701 3548 949 3618 tumphantssieio
958 3570 1015 3622 sqq.
1027 3552 1196 3622 elucetsps'sr

144 3633 244 3706 Hygia.
258 3630 353 3685 Gladio
369 3649 433 3684 eum
450 3648 505 3682 esse
522 3625 653 3680 intersec-
701 3637 855 3696 serpentum
868 3627 1014 3682 admodum
1024 3634 1111 3693 lenta,
1135 3630 1195 3686 stili·

144 3724 203 3766 tum
215 3708 358 3764 tradiderat
370 3704 535 3762 pherecides.
547 3706 580 3760 ln
592 3723 654 3757 nos·
701 3713 743 3758 cet
754 3703 871 3759 flexibilis
881 3715 936 3772 est,
947 3717 974 3760 et
985 3707 1013 3761 in
1026 3707 1196 3764 mutsosostss

145 3800 185 3842 tra
196 3788 299 3859 copiosa
311 3784 484 3853 descriptione
496 3783 571 3854 plura
580 3799 654 3835 arma
701 3783 804 3835 comari
815 3793 907 3851 potest
924 3812 958 3826 -
970 3787 1131 3853 Coaess’steee,
1148 3786 1196 3839 lsa-

147 3864 264 3920 Cadmus
275 3863 416 3932 experitur.
701 3877 769 3911 rere.
787 3886 820 3900 -
838 3862 997 3914 Descendere
1010 3862 1039 3915 in
1052 3881 1147 3934 eorpus
1159 3861 1197 3917 di-

178 3943 219 3996 61.
229 3947 304 3996 Illius
315 3944 430 4007 impulsu.
438 3940 504 3992 Haec
510 3934 653 3992 similitudo
701 3949 800 3991 cuntur
810 3938 874 4002 tela,
893 3940 1018 4008 vulnera,
1030 3943 1132 4013 ipsique
1143 3940 1198 3996 adso

144 4022 215 4073 bene
230 4018 330 4072 delecta
345 4029 402 4082 est,
421 4035 453 4068 ea
465 4017 537 4069 enim
554 4026 654 4070 certam
702 4015 814 4081 milites,
835 4019 880 4086 qui
896 4018 1037 4074 vulnerant
1055 4021 1122 4076 telis.
1132 4020 1201 4073 -tt

147 4097 286 4165 aocipimus
294 4095 431 4148 notionem
439 4102 466 4146 et
473 4095 588 4160 roboris,
600 4110 654 4162 quo
702 4100 777 4145 loto...
785 4093 859 4153 ferro.
870 4095 947 4164 Regii
958 4097 1059 4164 nostri,
1074 4107 1102 4152 et
1110 4106 1200 4153 totu...

149 4172 268 4228 Cadmus
275 4173 391 4240 vigebat,
402 4171 511 4223 etmolis
519 4171 654 4240 serpentis.
696 4171 800 4239 serrum
817 4198 851 4212 -
862 4175 1000 4227 Mamordi!
1013 4178 1121 4237 hasts'le.
1137 4194 1200 4231 more

148 4280 181 4294 ·-
196 4253 286 4304 Turres
293 4259 382 4301 autem
391 4268 445 4301 non
456 4259 533 4313 suut,
544 4258 573 4299 ut
586 4251 655 4300 Lens
702 4251 834 4318 serarum,
847 4252 940 4320 quibus
950 4253 1058 4322 aliquod
1071 4256 1153 4311 telum
1161 4257 1201 4308 in-

148 4329 271 4401 putobat,
284 4345 369 4391 arces,
387 4324 496 4394 palatia;
512 4324 558 4377 sed
570 4336 655 4380 turres
703 4326 792 4381 haret
803 4357 836 4368 -
850 4330 932 4389 Ossa,
948 4332 1023 4400 spina
1034 4335 1144 4404 ejusque
1154 4351 1202 4385 rer·

148 4409 176 4461 iu
193 4406 276 4460 muris
293 4403 401 4456 munitae
418 4402 505 4467 urbis,
518 4421 575 4470 quse
591 4404 655 4457 saxis
703 4406 930 4460 obre-lieret.
937 4409 1028 4464 Nostri
1038 4410 1124 4482 Regii,
1132 4414 1203 4465 lessi.

148 4506 164 4539 e
185 4484 313 4540 machinis
329 4481 425 4537 bellicis
443 4480 525 4534 missis
546 4487 650 4547 morm',
703 4489 827 4553 -Plaga
838 4485 911 4539 dedit
923 4486 1073 4544 Burmann.
1084 4510 1099 4544 e
1111 4488 1204 4543 duobos
