2662 5092
136 745 202 831 iso

399 745 440 811 Ρ.
471 742 653 813 OVIDII
685 740 918 811 NASONIS

135 885 218 957 Esse
235 910 353 982 parens
368 882 467 959 vellet
480 913 490 957 ε
503 910 609 983 neque
626 882 715 957 enim
730 881 841 956 minus
855 879 980 980 impius
995 895 1083 954 esset

135 998 289 1073 Vincitur
304 1001 473 1075 ambamm
490 1001 622 1097 genitor
637 1024 735 1100 prece
755 1028 764 1071 ε
778 996 923 1093 gaudet,
939 998 1070 1098 agitque

134 1113 196 1188 llla
211 1116 297 1216 patri
314 1133 439 1211 grates;
458 1134 492 1190 et
506 1115 700 1190 successisse
719 1112 850 1187 duabus

134 1230 175 1303 ld
191 1249 286 1332 putat
300 1232 433 1319 infelix,
452 1231 542 1333 quod
562 1231 625 1304 erit
641 1228 783 1325 lugubre
800 1227 945 1302 duabus.
1136 1248 1178 1316 4⁸⁵

134 1347 208 1419 Jam
227 1345 322 1420 labor
337 1347 473 1439 exiguus
488 1345 619 1420 Phoebo
637 1345 798 1431 restabam
812 1345 960 1444 equique

134 1460 317 1535 Pulsabant
333 1463 476 1562 pedibus
491 1463 636 1562 spatium
652 1459 786 1539 declivis
804 1459 956 1561 Olympi.

134 1576 276 1670 Regales
292 1576 396 1676 epulae
414 1577 535 1650 mensis
551 1594 585 1649 et
603 1577 754 1650 Bacchus
769 1577 806 1648 in
822 1604 905 1649 auro

18 1696 22 1703 '
135 1691 297 1765 Ponitur:
314 1693 392 1766 hinc
409 1692 539 1794 placido
556 1692 676 1765 dantur
691 1720 750 1766 sua
766 1719 906 1791 corpora
920 1718 1053 1764 somno.

132 1806 180 1879 At
197 1835 254 1879 rex
272 1807 454 1908 Odrysius,
473 1808 621 1909 quamvis
637 1808 787 1893 secessit,
807 1807 843 1879 in
857 1805 915 1880 illa
1140 1827 1180 1897 tp

135 1921 269 1994 AEstuat
283 1952 291 1992 :
305 1940 339 1995 et
353 1941 506 2024 repetens
522 1922 655 2010 faciem,
675 1940 872 2022 motusque,
890 1949 1093 2024 manusque,

136 2035 258 2130 Qualia
274 2038 347 2111 vult
361 2038 474 2135 fingit,
496 2068 568 2139 quae
583 2037 733 2111 nondum
750 2037 833 2110 vidit
846 2067 854 2109 :
869 2054 904 2111 et
919 2037 1018 2133 ignes

137 2158 213 2257 lpse
231 2186 310 2232 suos
325 2161 450 2247 nutrit,
468 2190 545 2233 cura
562 2177 748 2234 removente
765 2187 933 2259 soporem.

135 2283 208 2353 Lux
226 2298 313 2367 erat3
332 2301 384 2369 et,
401 2283 512 2378 generi
529 2284 676 2356 dextram
694 2282 887 2383 complexus
904 2282 1038 2370 euntis,

137 2402 290 2475 Pandion
307 2405 462 2478 comitem
477 2403 627 2504 lacrymis
644 2402 852 2477 commendat
870 2403 1024 2476 obortis:
1140 2419 1182 2490 lut

140 2559 158 2590 «
180 2528 274 2601 Hanc
292 2556 374 2623 ego,
392 2557 464 2601 care
482 2557 598 2624 gener,
618 2528 774 2628 quoniam
790 2527 844 2628 pia
860 2555 961 2600 causa
977 2527 1106 2621 coegit,

139 2682 159 2713 u
180 2652 225 2722 Et
239 2649 371 2724 volnere
388 2650 510 2738 amba,
529 2649 665 2723 voluisti
682 2666 718 2722 tu
736 2677 887 2749 quoque,
900 2650 1035 2737 Teren,

137 2901 170 2913 -
182 2873 287 2939 Accipit
293 2891 341 2941 pro
354 2877 477 2936 stimulet,
491 2873 589 2927 liabent
600 2872 642 2927 illa

136 2954 164 3007 in
186 2971 219 3006 eo
241 2953 295 3005 vim
315 2952 490 3006 stimulorum.
511 2979 543 2992 -
560 2956 643 3022 Neque

135 3036 200 3085 eninr
207 3034 388 3096 miansc’mpius
395 3036 468 3083 esset.
481 3029 588 3081 Etiamsi
596 3048 643 3098 pa-

136 3128 198 3162 rens
210 3117 292 3174 esset,
305 3118 395 3161 tamen
407 3107 487 3159 filiam
499 3126 573 3160 suam
583 3125 643 3167 cor-

135 3194 281 3256 rumperet.

169 3265 225 3331 4⁸3.
233 3264 462 3329 Ambae-mptum
474 3263 578 3329 seilicet,
587 3283 642 3331 pre·

136 3341 208 3395 cibus
219 3343 335 3395 Procnes
346 3340 458 3392 absentis
468 3350 495 3392 et
507 3338 643 3393 Philome·

135 3420 184 3480 lm
204 3431 230 3471 at
241 3419 342 3471 Tereus
359 3435 471 3484 presens
483 3435 538 3469 non
555 3419 643 3471 minus

137 3494 261 3547 ardenter
270 3505 389 3565 precatus
400 3494 485 3547 luerat
495 3515 502 3547 :
512 3514 642 3566 quaprop-

137 3581 179 3624 ter
190 3571 300 3637 recum,
313 3583 404 3626 nostro
417 3571 533 3640 judicio,
552 3573 642 3629 Codex

137 3648 236 3718 Regius
248 3649 272 3702 A
285 3649 363 3702 habet
373 3655 517 3711 ambarum,
530 3651 640 3717 seilicet,

138 3725 218 3778 Terei
228 3737 255 3778 et
266 3726 426 3780 Philomelae.
436 3730 486 3779 Ed.
496 3753 530 3767 -··
540 3728 642 3779 Εἰκο-

134 3808 296 3856 ιηπὼηία
303 3802 440 3870 Quoniam
446 3802 581 3872 aliquoties
589 3803 643 3870 jam

134 3879 261 3933 lectorem
277 3878 310 3932 de
322 3880 393 3933 exitu
410 3881 449 3932 rei
466 3883 641 3949 premonuit,

134 3954 191 4009 lucc
201 3967 324 4025 poterant
335 3958 429 4011 omitti.
440 3983 475 3998 ·-
483 3961 642 4026 &adpulsa-

133 4036 270 4099 δικαία,
281 4054 296 4088 e
307 4034 430 4103 Virgilio,
446 4034 508 4088 AEn.
521 4037 562 4103 Χ,
574 4035 640 4101 215,

133 4130 205 4164 curm
212 4114 352 4180 Noctc'ngo
363 4117 457 4169 phale
464 4120 571 4169 medium
575 4119 642 4183 pul-

133 4191 210 4240 saba!
232 4191 371 4260 Olympum.
392 4219 425 4234 -
438 4196 507 4245 Porri
520 4213 569 4262 pro
587 4213 640 4261 ap-

689 2871 834 2929 debentur;
844 2888 963 2939 namque
970 2891 1037 2924 sm
1044 2889 1121 2940 sape,
1128 2866 1185 2939 epod

690 2963 778 3022 poetas
799 2953 826 3004 in
846 2953 961 3021 primis,
981 2954 1021 3006 sic
1040 2964 1069 3006 et
1085 2951 1187 3006 similiter

691 3029 834 3083 adhibetur.

723 3112 778 3179 490.
790 3109 907 3179 Odryse,
921 3128 987 3179 gens
996 3108 1121 3161 Thracia.
1128 3106 1189 3159 Pau-

690 3185 786 3249 sanias,
801 3184 878 3238 Attio..
890 3205 915 3254 p.
927 3206 976 3248 ²23
991 3186 1085 3239 Senec.
1095 3183 1186 3254 'l'oyoet

690 3264 737 3331 273
750 3281 756 3314 ε
773 3266 844 3315 Vidit
853 3263 978 3330 infandas
991 3269 1080 3318 dones
1091 3266 1188 3332 Odrysis

690 3359 795 3392 musas.
812 3369 845 3381 -
856 3344 964 3394 AEttut
978 3347 1011 3394 in
1026 3347 1088 3404 1110,
1105 3340 1188 3393 misere

690 3436 748 3470 eam
759 3428 836 3471 amat
848 3445 881 3457 -
894 3420 978 3476 Cura.
997 3438 1083 3472 amor,

723 3496 777 3569 lq&
789 3499 864 3548 Hanc
873 3517 934 3563 ego,
951 3508 1004 3551 etc„
1018 3497 1158 3550 Valedietio
1166 3504 1189 3548 et

690 3595 778 3644 preces
789 3574 907 3645 patrisad
920 3576 1146 3631 commovendum
1154 3592 1189 3643 ap

689 3655 800 3709 tissime.
809 3657 924 3722 Invitus,
935 3669 1048 3726 propter
1059 3659 1126 3727 piam
1135 3674 1189 3710 can·

689 3750 744 3784 um
756 3773 763 3798 ,
778 3733 805 3786 in
817 3734 894 3785 breve
904 3745 1031 3803 tempus,
1045 3734 1148 3787 dimittit
1157 3732 1190 3785 li-

689 3808 763 3874 liam,
774 3829 851 3878 quam
858 3829 940 3863 unam
947 3830 1042 3865 secum
1050 3812 1138 3874 habet,
1146 3827 1190 3878 que

689 3887 828 3939 senectutis
850 3886 1016 3941 imbecillitas
1047 3887 1091 3941 diu
1111 3904 1190 3940 carere

689 3984 743 4018 non
756 3976 855 4035 potest,
876 3984 991 4035 eamque
1004 3988 1068 4021 cum
1082 3966 1190 4039 gravibus

689 4043 902 4097 obtestationibus
927 4043 1012 4097 Terei
1036 4045 1099 4098 fidei
1120 4063 1189 4098 com·

690 4120 813 4185 mendat,
827 4131 854 4174 ut
866 4122 947 4190 patris
961 4122 1033 4177 vices
1045 4133 1156 4192 prestet
1164 4148 1189 4160 -

688 4200 739 4250 Pia
758 4217 854 4251 causa.
870 4217 946 4250 amor
962 4198 1034 4253 filie.
1053 4228 1089 4241 ·-
1110 4202 1190 4266 Coegit

128 4271 204 4330 poue',
221 4266 335 4323 devino.
350 4269 417 4323 Vide
433 4270 591 4337 Heinsium,
605 4271 639 4324 ad
690 4276 765 4330 Alter
783 4277 993 4344 Hamburgensis
1010 4290 1123 4332 eternus
1134 4278 1190 4330 Μι-

132 4342 191 4396 Art.
208 4346 297 4399 Amat.
310 4348 340 4412 1,
361 4351 417 4401 231.
430 4377 465 4388 -
475 4352 579 4401 Dantur
590 4370 640 4404 sua
688 4353 776 4408 diceus
783 4393 790 4420 ‚
797 4359 900 4422 subegit.
911 4354 991 4423 Regii
1000 4358 1102 4422 nostri,
1113 4359 1190 4421 cutecl-

130 4441 235 4490 corpora
253 4443 354 4487 somno,
377 4428 457 4494 possis
476 4427 512 4479 ita
529 4447 637 4496 capere:
720 4435 776 4502 497.
789 4434 935 4485 Etwlme
946 4437 1045 4497 aba,
1058 4446 1108 4489 etc.
1122 4430 1190 4500 Qui·

128 4519 225 4555 somno
236 4499 334 4555 dantur
343 4520 454 4572 corpora
462 4524 509 4572 ea,
522 4526 580 4575 que
589 4509 638 4578 ipsi
685 4509 748 4564 dam
758 4509 829 4565 huuc
844 4528 952 4565 versum
963 4512 1114 4582 superiori,
1130 4508 1188 4582 4951
