2662 5092
189 770 227 837 16
571 768 860 839 PRAEFATIO

182 907 294 997 Adde,
313 936 387 1009 qne
406 908 442 982 in
456 907 681 984 Deucalioneo
705 908 833 983 diluvio
850 908 892 982 de
911 908 1003 981 Noto
1019 907 1190 998 evolante,
1208 908 1254 985 de

188 1041 348 1140 Neptuno
367 1068 478 1114 amnes
494 1057 716 1128 convocante,
734 1039 776 1114 de
789 1039 928 1115 Tritone
940 1038 1072 1135 signnm
1087 1038 1248 1115 fluctibus

182 1170 305 1262 dante,
320 1173 360 1247 de
371 1171 586 1247 Deucalionis
602 1171 762 1273 querelis,
779 1172 822 1246 ab
833 1199 874 1247 eo
889 1170 1022 1245 inventa
1038 1189 1127 1245 sunt.
1147 1170 1252 1272 Spre-

181 1321 272 1379 verat
295 1304 405 1379 Niobe
421 1307 583 1378 Latonam
600 1333 668 1405 prae
685 1334 741 1393 se,
767 1332 828 1381 nec
845 1305 915 1405 pati
937 1302 1088 1378 voluerat
1108 1333 1201 1380 sacra
1217 1307 1250 1381 ei

178 1433 259 1508 fieri.
276 1434 459 1531 Quomodo
474 1427 539 1535 hoo
552 1435 702 1509 mactavit
713 1436 834 1535 poeta?
844 1437 972 1536 Nempe
982 1452 1089 1509 vatem
1101 1435 1249 1535 primum

178 1565 307 1643 inducit
316 1570 455 1641 Latonae
465 1594 555 1641 sacra
566 1567 783 1656 indicentem,
798 1585 870 1642 tum
880 1568 1014 1642 Nioben
1024 1568 1061 1641 in
1072 1567 1249 1667 publicum

177 1679 354 1793 enm'fastu
366 1698 606 1799 prodeuntem,
622 1716 721 1799 atque
734 1698 884 1772 oratione
893 1698 1110 1773 audacissima
1122 1727 1157 1773 se
1166 1699 1250 1775 Deae

176 1829 414 1930 preferentem.
446 1831 493 1903 Et
511 1828 599 1929 quid
625 1828 666 1903 de
687 1828 802 1930 Ceycis
820 1846 920 1930 atque
938 1827 1125 1929 Halcyones
1142 1830 1248 1905 rebus

176 1962 309 2037 dicam?
333 1964 374 2035 In
397 1961 439 2033 iis
469 1961 697 2061 tempestatis,
728 1961 808 2033 artis
834 1961 996 2048 nauticae,
1015 1959 1131 2034 Somni
1149 1962 1248 2035 Mor-

175 2095 320 2195 pbeiqne
331 2093 586 2193 descriptiones,
600 2110 671 2166 tum
684 2092 872 2166 adfectuum
882 2092 1070 2167 notationes
1082 2109 1247 2167 testantur

174 2225 361 2299 iocundum
378 2223 482 2305 fuisse
503 2223 618 2296 Ovidii
640 2224 677 2296 in
702 2223 900 2298 inveniendo
921 2225 1100 2320 ingenium.
1136 2226 1246 2300 Mitto

173 2353 272 2455 plura
288 2353 427 2443 addere;
445 2383 522 2429 nam
538 2355 690 2455 plurima
706 2354 828 2429 fabulae
841 2355 908 2428 hue
927 2354 1076 2429 advocari
1088 2376 1244 2456 possan

173 2485 294 2562 Monoi
308 2487 442 2589 quidem
454 2515 574 2587 supra,
592 2486 718 2561 nescire
731 2514 812 2574 nos,
833 2485 929 2587 quid,
944 2504 978 2561 et
989 2503 1148 2587 qnantum
1160 2486 1190 2560 ei
1205 2487 1244 2561 in

172 2617 295 2694 sabulis
314 2618 502 2694 excolendis
527 2619 633 2692 Graeei
649 2635 758 2719 poetae
773 2617 1053 2706 ministraverint3
1072 2618 1129 2692 sed
1146 2617 1245 2713 inge·

173 2751 265 2824 nium
291 2749 484 2850 praclarum
498 2749 636 2857 ,quale
650 2751 687 2823 in
713 2749 869 2823 omnibus
896 2748 1010 2823 Ovidii
1037 2748 1243 2825 carminibus

173 2883 294 2972 elucet,
314 2882 489 2984 impetrare
509 2911 527 2955 a
545 2910 579 2956 se
596 2911 667 2962 non
684 2900 813 2983 potest,
831 2898 886 2969 ut,
906 2881 1016 2955 missis
1034 2882 1104 2955 suis
1119 2881 1241 2972 bonis,

172 3037 328 3120 tanquam
345 3017 431 3091 lidus
449 3018 629 3115 interpres,
648 3014 732 3089 alios
749 3042 879 3117 semper
895 3014 1129 3116 subsequatur.

220 3151 298 3222 Non
312 3176 442 3222 summo
456 3147 574 3220 virium
588 3147 663 3220 nisu
677 3172 763 3247 opus
776 3172 874 3221 suum
883 3145 1033 3234 ciendis,
1049 3146 1108 3221 sed
1119 3174 1138 3220 e
1148 3144 1242 3222 felici

171 3277 229 3351 illa
241 3278 366 3372 ingenii
383 3307 465 3352 vena
480 3275 627 3378 peperit,
646 3304 718 3376 que
732 3293 818 3350 tacta
830 3276 941 3349 statim
955 3275 1129 3376 profundit
1138 3276 1241 3378 quid-

173 3408 255 3509 quid
267 3407 309 3481 ad
322 3437 390 3483 rem
404 3407 565 3509 pertinet,
579 3406 648 3480 sive
660 3404 771 3480 soluta
781 3406 930 3480 oratione
942 3407 1067 3495 utaris,
1085 3407 1153 3481 sive
1166 3435 1240 3482 me-

172 3538 233 3614 tris
250 3540 436 3613 constricta.
456 3541 565 3612 Datur
580 3539 668 3613 enim
684 3538 750 3613 hoc
766 3536 908 3634 ingeniis
926 3537 1126 3639 quibusdam
1142 3568 1162 3613 a
1176 3568 1239 3615 na-

173 3690 265 3759 tura,
280 3687 335 3758 ut,
348 3670 410 3743 ubi
423 3669 599 3761 scribendo
610 3668 840 3759 incaluerunt,
858 3668 949 3744 illico
962 3698 1076 3744 omnes
1086 3671 1135 3745 rei
1150 3689 1238 3746 trac-

172 3801 527 3902 tandaepartes,earum
537 3800 1088 3902 nerumverborumqueinvolucra
1096 3803 1237 3878 maxime
1267 3890 1270 3895 ¹

169 3931 291 4006 idonea
309 3930 487 4005 clarissime
504 3931 717 4032 perspiciant.
743 3930 831 4005 Hinc
849 3929 906 4005 illa
909 3930 1068 4032 sacellos,
1087 3961 1161 4033 qun
1173 3934 1239 4006 mi-

171 4061 260 4137 rifice
287 4064 410 4165 scripta
434 4062 659 4148 commendat,
679 4060 802 4160 quibus
825 4059 1003 4137 oblectatio
1020 4063 1237 4163 potissimum

173 4196 331 4296 quaeritur
346 4227 353 4268 :
370 4194 516 4268 eamdem
530 4212 563 4266 et
581 4221 641 4292 per
654 4209 760 4267 totum
778 4193 978 4268 Ovidianum
993 4224 1079 4295 opus
1095 4195 1236 4269 effusam

171 4327 336 4414 videmus;
356 4327 391 4398 in
408 4323 538 4399 nullum
556 4323 643 4398 enim
660 4324 835 4399 incidimus
855 4324 983 4412 locum,
1005 4326 1062 4424 qui
1080 4325 1233 4415 vultum,

170 4479 209 4534 ut
220 4460 267 4534 ita
278 4459 404 4547 dicam,
421 4457 556 4531 nitentis
572 4455 711 4549 habeat;
728 4457 786 4532 sed
802 4457 913 4530 omnia
928 4475 1082 4558 apparet,
1100 4475 1233 4531 senten-
