2662 5092
39 624 45 643 '
144 658 210 745 [Μ
421 660 460 725 r.
484 659 662 727 ov1n11
684 657 919 728 nasonis

143 799 300 874 Audierat
314 825 322 870 ε
336 825 407 871 non
423 796 480 872 illa
494 797 585 887 loco,
602 826 663 872 nec
680 800 808 894 origine
825 800 937 895 gentis

143 915 256 1002 Clara,
273 914 332 989 sed
348 932 435 1000 arte,
453 913 517 986 suit
533 944 541 986 τ
559 931 653 1015 pater
668 913 746 988 huic
762 912 996 1015 Colophonius
1009 914 1138 1003 ldmon,

141 1031 302 1105 Phocaico
311 1030 451 1133 ‚bibulas
467 1030 640 1123 tinguebat
655 1030 778 1104 murice
794 1029 909 1105 lanas:

142 1141 321 1222 Occiderat
333 1165 455 1233 mater3
473 1146 531 1221 sed
547 1162 580 1219 et
596 1146 665 1218 hac
684 1145 723 1219 de
741 1145 856 1246 plebe,
875 1175 1007 1246 suoque
1159 1182 1186 1220 ιο

140 1264 249 1363 AEqua
265 1263 336 1334 viro
352 1261 468 1335 brerat.
485 1261 594 1362 Lydas
612 1278 720 1334 tamen
737 1259 793 1333 illa
806 1289 868 1362 per
886 1260 989 1334 urbes

139 1452 251 1519 cogitare
261 1449 337 1518 coepit
349 1448 381 1501 de
393 1466 468 1517 prena
477 1448 509 1500 ab
522 1445 645 1500 Arachne
726 1468 750 1520 9.
767 1449 867 1501 Bibule
888 1448 956 1503 lana
982 1447 1116 1517 exquisite,
1133 1463 1186 1515 qna

138 1527 273 1583 sumenda.
288 1526 341 1579 Sed
362 1525 463 1578 dubitat
480 1523 644 1577 Schirachius
693 1526 801 1594 bibunt,
815 1527 953 1581 attrahunt
962 1527 1074 1591 colores,
1088 1537 1188 1594 utsupra

139 1627 172 1660 an
186 1607 234 1659 boc
246 1605 305 1659 satis
318 1604 448 1674 poeticum
457 1604 504 1667 sit,
514 1613 541 1656 et
549 1613 643 1671 negat,
692 1605 778 1654 bibula
794 1603 884 1656 Persei
896 1608 1001 1656 lalana.
1012 1632 1045 1644 -
1057 1605 1189 1670 lingum.

141 1684 246 1754 phrasin
259 1687 369 1734 animum
378 1685 503 1734 ahtendere
516 1679 585 1750 apud
600 1680 645 1732 ul·
694 1680 737 1733 Sic
749 1680 840 1734 Codex
853 1682 955 1751 Regius
967 1682 1008 1743 B;
1021 1692 1046 1734 at
1059 1679 1144 1733 Codex
1154 1679 1188 1741 A,

139 1762 195 1816 lum
210 1771 316 1830 poetam
330 1759 447 1828 reperiri.
459 1760 490 1812 In
501 1758 645 1828 quolapsus
694 1762 810 1825 tingebat.
829 1758 932 1812 Eadem
944 1759 1059 1813 varietas
1071 1759 1099 1811 in
1117 1757 1192 1811 Codi-

64 1870 67 1875 ·
139 1847 194 1899 est;
207 1855 322 1905 namque
341 1836 395 1906 ipsa
411 1836 502 1889 Lexica
517 1835 646 1905 suppedi-
693 1837 764 1889 cibus
779 1837 921 1907 reperitur,
938 1837 1045 1907 quoties
1060 1836 1191 1890 hectun

139 1926 197 1970 tant
215 1916 301 1968 locum
325 1913 449 1979 Horatii,
470 1914 551 1983 Epist.
564 1915 594 1978 1,
608 1929 645 1978 11,
692 1922 780 1980 gente
791 1912 909 1967 vocalem
923 1914 1190 1983 qualemcrnnquepo

139 1996 172 2046 36
191 2012 197 2046 :
216 1994 333 2044 Inleades
357 1996 466 2044 aarum
487 1994 601 2052 studri's,
621 1998 649 2045 e!

138 2072 337 2123 rebusloreste's.
346 2068 459 2135 Noster,
474 2070 515 2122 1v
527 2068 605 2121 Trist
618 2084 646 2133 1,

139 2150 172 2214 4,
188 2166 257 2198 mers
267 2151 365 2198 rhtcrta
376 2149 458 2199 malis.
472 2148 529 2213 lpse
541 2163 604 2214 ergo
616 2164 647 2197 ex

139 2240 193 2275 uno
214 2220 311 2274 Codice
328 2222 432 2291 prefert
454 2224 579 2282 locedii,
597 2219 645 2274 ad·

140 2302 230 2370 ditque
242 2299 440 2369 explicationem
453 2300 537 2353 hanc:
553 2299 646 2352 irasci-

140 2390 184 2432 tur
196 2379 249 2432 fato
260 2377 304 2429 illo
315 2376 375 2430 laeto
388 2376 536 2443 Arachnes,
551 2395 603 2446 quo
613 2376 646 2428 si-

140 2457 165 2509 bi
175 2458 530 2525 aeqrraturarte.-Maeonie.
547 2455 645 2527 Lydiaez

139 2531 198 2585 vide
211 2531 244 2584 ad
254 2532 296 2597 ll,
311 2536 366 2585 252.
380 2531 489 2603 Lydiam
506 2531 646 2584 Arachnen

140 2608 220 2661 etiam
229 2608 419 2675 sacitServius,
431 2608 463 2660 ad
473 2608 647 2678 Virg.Georg.

142 2685 192 2751 lv,
212 2686 260 2752 alb
277 2685 342 2739 :sed
360 2686 384 2738 T
386 2686 516 2752 bressam,
535 2705 645 2754 eamque

140 2763 272 2832 virginem
281 2763 396 2833 regiam,
407 2764 509 2817 Probus
519 2763 551 2816 ad
564 2782 645 2817 eum-

143 2841 203 2895 dem
215 2843 310 2897 locum.

174 2940 196 2987 7.
209 2921 265 2971 Noa
276 2924 324 2973 illa
334 2924 403 2982 Ioco,
415 2932 464 2974 etc.
472 2920 594 2973 Pluribus
605 2919 646 2973 ab·

140 2998 237 3063 jectam
248 2998 357 3052 lanifica
367 3000 497 3068 originem
509 2999 644 3064 describit,

139 3097 193 3146 quo
209 3079 291 3147 magis
307 3088 334 3132 et
350 3099 390 3132 ars
407 3081 479 3146 ejus,
500 3091 525 3132 et
535 3077 646 3139 ,audacia

140 3176 193 3225 qua
203 3176 230 3210 se
245 3158 294 3226 ipsi
305 3159 435 3212 Minerva
448 3162 568 3229 praefert,
587 3158 646 3211 illu-

139 3239 358 3292 esseae-locum
367 3259 416 3292 rrec
427 3238 459 3292 de
467 3258 562 3308 genere
572 3257 644 3307 cape,

694 1989 742 2041 sita
758 1988 886 2045 occurrit:
901 1991 945 2044 alii
958 1990 1189 2061 enimpostfflite-

694 2086 751 2120 ram
763 2088 779 2121 rr
794 2067 966 2138 adjungunt,
987 2069 1029 2121 alii
1044 2067 1189 2135 veroniae

694 2164 711 2196 u
723 2144 846 2197 scribunt.
859 2145 934 2197 lstud
944 2164 1028 2215 porro
1033 2144 1104 2198 duxit
1114 2162 1127 2196 a
1136 2160 1190 2212 pro·

693 2222 836 2274 nunciandi
865 2240 943 2275 more
971 2222 1041 2292 apud
1068 2222 1188 2275 Romanos

695 2308 828 2352 constante
839 2321 845 2362 ;
857 2298 959 2352 scilicet
970 2300 1073 2367 literap
1084 2307 1138 2351 ante
1148 2314 1188 2347 ro

693 2375 774 2429 calem
792 2376 875 2445 posita
888 2396 1033 2447 nunquam
1048 2386 1114 2429 sonat
1125 2392 1188 2426 nos-

694 2462 765 2505 trum
777 2453 809 2518 j,
831 2453 878 2507 sed
900 2473 1009 2522 (mm
1029 2452 1188 2511 Gestorum

694 2533 764 2587 unde
778 2534 851 2600 ltali,
872 2535 1027 2602 Germani,
1049 2533 1135 2603 Angli,
1147 2541 1187 2583 etc

694 2611 754 2665 huic
763 2611 911 2682 adiungunt
921 2635 959 2675 a,
978 2614 1095 2685 quamvis
1104 2613 1129 2666 in
1140 2628 1189 2663 rno-

694 2692 827 2744 numentis
844 2692 981 2747 veteribus
996 2713 1025 2746 ac
1040 2690 1112 2745 noris
1125 2706 1188 2742 orn-

694 2787 788 2835 quarn,
801 2769 840 2821 vel
850 2787 911 2821 raro
923 2768 1085 2836 admodum,
1093 2763 1187 2820 timeri

693 2845 805 2899 scribant
817 2867 867 2914 gu,
883 2847 931 2900 sed
949 2868 999 2918 per
1014 2870 1034 2917 ς
1047 2846 1186 2917 simplem,

693 2928 822 2991 {eligebant
828 2964 835 2985 ,
850 2929 995 2993 urgebant,
1009 2938 1036 2980 et
1048 2927 1095 2980 alia
1107 2923 1186 2991 buius·

693 3001 812 3067 cemodi,
830 3002 897 3056 sicut
914 3015 946 3057 et
970 3003 1040 3059 Galli
1056 3003 1185 3057 scriberent

693 3081 866 3133 liu-Mum
878 3101 966 3151 genus
977 3083 1096 3145 conchae,
1106 3080 1185 3147 mim

693 3175 767 3210 succo
782 3156 893 3212 Veteres
916 3180 1067 3230 purpuram
1084 3158 1185 3213 conbor-

693 3237 770 3301 bant,
784 3248 811 3291 et
823 3256 882 3306 quae
890 3259 979 3308 quum
986 3238 1184 3307 ardhimium

139 3315 209 3384 quod
230 3319 366 3371 Pomanus
384 3318 486 3370 volebat
509 3318 646 3386 (sequitur
693 3317 832 3375 Phocaeam,
844 3318 942 3369 urbem
953 3318 1182 3373 loniaeinsinum·

137 3394 210 3447 enim
227 3400 295 3462 origo
310 3396 427 3460 pertis),
442 3414 491 3446 nec
501 3414 562 3448 curn
574 3395 645 3449 Bur-
692 3395 727 3446 ris
738 3394 927 3450 Mediterranei
942 3399 1043 3452 intimo
1053 3398 1181 3460 sitarum·

138 3493 251 3540 manno,
264 3475 296 3528 de
305 3474 440 3544 dignitate,
448 3473 494 3528 sed
503 3475 535 3528 de
546 3476 642 3545 patria,
692 3473 847 3541 petiebatur.
865 3474 973 3541 Livius,
988 3472 1171 3532 xxxt'11.³1·

136 3563 244 3620 propter
254 3573 359 3607 versum
373 3554 419 3620 13,
434 3553 478 3622 qui
485 3553 545 3606 huic
554 3565 643 3608 nostro
726 3568 763 3604 1⁰·
774 3553 915 3604 Occideral·
924 3551 1065 3607 Geblffl'd·
1072 3553 1125 3615 llis
1132 3547 1180 3603 st*

138 3629 288 3697 respondet.
313 3632 352 3684 lbi
371 3632 443 3685 enim
458 3651 540 3701 parva
557 3635 644 3685 domus
692 3631 772 3699 pund.
781 3632 974 3698 vn,exMSS.
990 3636 1055 3705 legit
1064 3636 1176 3689 deerunt.

135 3707 167 3759 ad
185 3713 303 3776 orrprhem
320 3717 417 3776 gentes,
445 3721 472 3764 et
485 3730 569 3776 pam
586 3713 644 3782 [Ιχ-
691 3709 812 3778 quiahoc
825 3713 939 3764 verbum
952 3715 1092 3784 eleganter
1104 3728 1180 3783 prore

130 3805 208 3852 pepe
219 3786 251 3838 ad
264 3791 346 3840 locum
359 3788 501 3855 pertinent.
691 3792 773 3841 cidere
790 3790 905 3858 ponitur.
920 3792 1001 3862 Regii
1013 3794 1096 3847 nostri
1108 3791 1180 3846 hebed

167 3865 191 3915 8.
205 3866 380 3930 Colophonem.
398 3863 538 3934 Colophon
555 3866 641 3920 nobile
691 3870 825 3919 occurrat.

135 3936 218 3990 lonico
237 3938 372 4007 oppidum.
391 3966 424 3978 -
446 3944 542 3995 Idmon.
563 3943 640 3995 Varie
727 3965 764 3997 rr.
779 3948 876 4012 AEqrrn.
902 3949 1011 4015 equalis
1033 3949 1181 4019 dignitato

134 4015 183 4068 hoc
195 4035 294 4069 nomen
306 4018 333 4068 in
343 4012 423 4070 MSS.
438 4033 585 4086 exaratum,
600 4024 642 4073 Is·
657 4074 660 4081 ,
691 4025 931 4093 genero—Lydas
941 4026 1182 4081 correxirconsurt

132 4111 202 4153 mon,
221 4098 350 4164 Hysmor.
370 4098 488 4149 Erimon.
506 4099 642 4151 Burman·
690 4099 801 4151 Fanens.
819 4101 879 4167 quia
893 4104 994 4171 hydrus
1006 4101 1182 4175 primamsyllr

131 4187 182 4220 nus
194 4171 306 4237 praetulit
315 4175 416 4235 Idmon,
434 4175 493 4241 quia
505 4175 532 4226 id
541 4194 640 4229 nomen
688 4178 748 4230 bam
756 4196 859 4246 semper
869 4179 1030 4248 productam
1041 4184 1131 4243 haben
1141 4181 1181 4250 pte

131 4255 158 4296 el
171 4247 211 4297 alii
220 4264 362 4314 gesserunt.
371 4250 482 4306 Gravius
491 4256 605 4322 estquod
615 4268 641 4309 et
688 4257 748 4308 rimi
759 4268 847 4308 tamen
860 4258 944 4310 MSS.
958 4263 968 4325 (
977 4261 1052 4314 inter
1068 4282 1130 4331 quos
1145 4259 1184 4313 lle·

132 4322 281 4375 Lactantius
303 4328 338 4379 sic
362 4329 431 4398 legit.
459 4329 535 4398 Regii
556 4335 640 4386 nostri
688 4336 744 4403 gius
757 4334 981 4402 nosterssldant
997 4342 1107 4410 Lydios.
1117 4341 1186 4410 lydus

129 4398 229 4451 hahent
241 4402 320 4454 etiam
334 4408 428 4458 Idmon.
688 4414 816 4466 aliusnon
834 4415 921 4467 minus
936 4431 1083 4487 usurpatur
1098 4422 1123 4472 in
1138 4434 1185 4470 ser·
