2662 5092
241 701 308 769 DE
345 698 514 770 OPERE
544 699 1066 770 METAMORPHOSEON.
1152 708 1189 775 13
1298 777 1303 789 ,

139 841 299 932 cutoriam,
311 842 516 939 magicam),
535 840 645 931 lusus,
657 844 760 932 rixas,
775 842 1092 946 lotiones,nuptias‚
1110 875 1191 921 con-

136 975 226 1063 vivia,
238 976 432 1064 certamina,
443 975 522 1049 item
534 1002 607 1075 qun
618 974 660 1048 iis
671 972 721 1050 vel
731 975 946 1070 contingunt,
957 976 1007 1050 vel
1020 977 1188 1068 accidunt,

134 1124 184 1182 tut
197 1137 217 1181 a
229 1124 348 1182 natura
362 1108 489 1181 tributa
499 1123 593 1196 sunt,
608 1106 785 1194 diluvium,
797 1124 938 1208 pestem,
953 1107 1086 1196 samem,
1099 1138 1189 1183 som-

134 1266 223 1326 num,
243 1240 389 1326 somnia,
408 1255 652 1338 paupertatem,
671 1266 773 1339 opum
787 1237 1041 1327 abundantiam,
1055 1238 1191 1313 dilania-

133 1370 276 1460 tionem,
307 1370 565 1471 discerptionem
588 1369 834 1458 membrorum,
852 1369 1080 1464 naufragium,
1103 1369 1191 1446 mille

131 1502 240 1576 mortis
254 1529 387 1598 genera.
405 1501 538 1574 Partem
549 1499 658 1573 adhue
671 1529 781 1574 rerum
795 1502 1019 1600 expositarum
1031 1505 1189 1577 recensui.

130 1632 301 1707 Accedunt
313 1633 401 1707 enim
410 1630 627 1730 plurimamm
637 1656 762 1719 rerum,
776 1657 858 1730 quas
871 1648 904 1703 et
912 1648 1028 1705 natura
1039 1632 1191 1732 protulit,

130 1779 160 1836 et
177 1780 356 1863 poetarum
380 1760 514 1856 ingenia
538 1758 723 1847 finxerunt,
745 1756 1006 1860 descriptiones,
1025 1764 1112 1837 sedis
1129 1792 1192 1839 cae-

129 1891 233 1982 lestis,
248 1893 346 1988 regia
355 1890 445 1966 Solis
455 1919 532 1965 cum
545 1918 645 1964 curru
659 1889 758 1964 solari
769 1907 801 1964 et
813 1890 927 1991 equis,
944 1891 1015 1966 caeli
1026 1893 1191 1983 stelliferi,

129 2022 329 2111 inferorum,
342 2021 574 2109 animantium,
587 2020 793 2122 plantarum,
807 2023 988 2112 montium,
999 2024 1192 2115 lluviomm,

130 2154 291 2242 lontium,
309 2170 480 2228 ventorum
498 2163 807 2253 tempestatumque:
833 2156 945 2255 Atque
960 2157 1029 2232 hec
1045 2160 1092 2235 ita
1106 2178 1193 2235 trac-

132 2302 194 2363 tata
219 2302 321 2375 sunt,
348 2302 388 2359 ut
408 2284 603 2360 omniafere
621 2285 701 2359 artis
717 2285 888 2360 rhetorice
906 2305 939 2361 et
955 2291 1091 2389 poeticae
1107 2321 1193 2393 prte-

134 2435 223 2519 cepta
234 2415 395 2518 exemplis
407 2445 448 2492 ex
463 2417 528 2490 hoc
540 2445 637 2517 opere
653 2418 767 2519 petitis
778 2417 936 2492 illustrari
947 2421 1091 2520 possint.
1103 2424 1193 2497 Cou-

135 2550 217 2623 tinet
234 2550 322 2623 euim
337 2550 563 2639 narrationes,
587 2551 772 2638 orationes,
791 2550 969 2650 epistolas,
992 2552 1192 2653 soliloquia,

132 2680 319 2755 notationes
334 2710 482 2772 morum,
497 2680 736 2782 descriptiones
753 2682 942 2770 hominum,
956 2680 1122 2772 locorum,
1141 2714 1194 2760 re-

130 2841 222 2903 rum,
241 2813 407 2914 hymnos,
430 2813 523 2895 lusus
546 2814 692 2909 ingenii,
720 2830 759 2887 ut
783 2841 912 2887 carmen
928 2814 1139 2914 pastoritium
1159 2836 1193 2892 et

131 2954 416 3046 παραλαυσίθυρον,
431 2947 703 3048 prosopopoeias,
722 2944 974 3034 similitudines,
992 2950 1191 3039 sententias,

131 3082 293 3168 acumina,
312 3079 434 3176 figuras
453 3081 559 3153 omnis
577 3078 718 3175 genepis.
735 3081 785 3154 Ea
799 3107 877 3153 vero
893 3080 1084 3154 tractatione
1102 3109 1191 3155 nunc
1248 3081 1249 3085 ’

128 3213 264 3310 jucundi
278 3230 312 3286 et
322 3214 426 3286 teneri
440 3239 556 3285 seruus
569 3211 605 3283 in
619 3211 729 3283 auimo
741 3207 881 3305 legentis
891 3211 1086 3300 excitantur,
1102 3241 1192 3287 nunc

131 3343 391 3419 vehementiores
408 3343 556 3417 adfectus
573 3359 832 3416 commoventur.

177 3475 317 3564 Restat,
346 3476 461 3575 utjam
483 3475 668 3562 videamus,
689 3504 756 3574 quo
787 3486 942 3550 successu
967 3474 1023 3551 illa
1050 3478 1192 3553 Ovidius

132 3607 345 3681 exornaverit.
367 3604 638 3680 Conformavcrat
654 3605 823 3700 ingenium
841 3606 883 3678 ad
905 3610 1192 3707 praestantissimo·

130 3768 219 3830 rum,
238 3769 326 3843 quos
347 3741 472 3815 Graecia
485 3756 518 3813 et
534 3741 643 3813 Roma
658 3738 819 3826 tulerant,
837 3757 1011 3840 poetarum
1023 3743 1170 3844 exempla
1183 3772 1201 3834 ;¹

131 3904 233 3979 neque
248 3876 334 3952 adeo
351 3877 474 3954 mirum
488 3891 555 3962 est,
573 3875 697 3975 passim
714 3900 789 3947 eum
802 3874 934 3950 eosdem
950 3876 1032 3949 etin
1048 3877 1193 3978 disposi-

132 4012 217 4086 tione
230 4039 342 4086 rerum
355 4009 600 4085 tractandarum
614 4026 647 4083 et
660 4008 695 4080 in
712 4009 913 4082 ornamentis
922 4009 1037 4083 multis
1047 4011 1192 4086 undando

133 4141 336 4244 expressisse.
351 4140 447 4214 Pleni
460 4157 538 4212 sunt
549 4157 721 4240 poetarum
735 4140 920 4241 principes,
938 4143 1103 4217 llomerus
1115 4145 1192 4217 Vir·

138 4278 318 4380 giliusque,
344 4278 391 4351 sic
418 4275 506 4349 euim
540 4274 664 4347 Iliados
689 4291 723 4347 et
747 4276 908 4349 AEneidos
935 4277 1019 4351 ratio
1044 4278 1189 4361 serebat,

137 4408 246 4504 preliis
266 4408 500 4506 cedibusque,
515 4406 551 4478 in
567 4405 690 4506 quibus
701 4407 906 4495 enarrandis,
924 4435 965 4481 ne
980 4408 1111 4483 taedium
1126 4404 1192 4480 lec-
