<?xml version="1.0" encoding="UTF-8"?>
<!DOCTYPE html PUBLIC "-//W3C//DTD XHTML 1.0 Transitional//EN"
    "http://www.w3.org/TR/xhtml1/DTD/xhtml1-transitional.dtd">
<html xmlns="http://www.w3.org/1999/xhtml" xml:lang="en" lang="en">
 <head>
  <title>
</title>
<meta http-equiv="Content-Type" content="text/html;charset=utf-8" />
  <meta name='ocr-system' content='tesseract 3.04.00' />
  <meta name='ocr-capabilities' content='ocr_page ocr_carea ocr_par ocr_line ocrx_word'/>
</head>
<body>
  <div class='ocr_page' id='page_1' title='image "./publiiovidiinas01massgoog/publiiovidiinas01massgoog_0349.png"; bbox 0 0 2662 5092; ppageno 0'>
   <div class='ocr_carea' id='block_1_1' title="bbox 153 684 913 757">
    <p class='ocr_par' dir='ltr' id='par_1_1' title="bbox 153 684 913 757">
     <span class='ocr_line' id='line_1_1' title="bbox 153 684 913 757; baseline 0.001 -1"><span class='ocrx_word' id='word_1_1' title='bbox 153 688 218 756; x_wconf 75' lang='lat'><strong>320</strong></span> <span class='ocrx_word' id='word_1_2' title='bbox 420 688 459 753; x_wconf 88' lang='lat' dir='ltr'><strong>P.</strong></span> <span class='ocrx_word' id='word_1_3' title='bbox 485 685 663 756; x_wconf 86' lang='lat' dir='ltr'><strong>OVIDII</strong></span> <span class='ocrx_word' id='word_1_4' title='bbox 687 684 913 757; x_wconf 83' lang='lat' dir='ltr'><strong>NASONIS</strong></span> 
     </span>
    </p>
   </div>
   <div class='ocr_carea' id='block_1_2' title="bbox 71 824 1170 2543">
    <p class='ocr_par' dir='ltr' id='par_1_2' title="bbox 71 824 1170 2414">
     <span class='ocr_line' id='line_1_2' title="bbox 152 824 1164 927; baseline 0.001 -26"><span class='ocrx_word' id='word_1_5' title='bbox 152 830 248 901; x_wconf 89' lang='lat' dir='ltr'><strong>Una:</strong></span> <span class='ocrx_word' id='word_1_6' title='bbox 262 824 353 900; x_wconf 84' lang='lat' dir='ltr'><strong>velut</strong></span> <span class='ocrx_word' id='word_1_7' title='bbox 368 825 398 899; x_wconf 93' lang='lat' dir='ltr'><strong>si</strong></span> <span class='ocrx_word' id='word_1_8' title='bbox 415 826 491 927; x_wconf 90' lang='lat' dir='ltr'><strong>quis</strong></span> <span class='ocrx_word' id='word_1_9' title='bbox 507 826 671 900; x_wconf 87' lang='lat' dir='ltr'><strong>conducta</strong></span> <span class='ocrx_word' id='word_1_10' title='bbox 688 827 809 901; x_wconf 89' lang='lat' dir='ltr'><strong>cortice</strong></span> <span class='ocrx_word' id='word_1_11' title='bbox 825 855 938 901; x_wconf 87' lang='lat' dir='ltr'><strong>ramos</strong></span> <span class='ocrx_word' id='word_1_12' title='bbox 1128 852 1164 923; x_wconf 64' lang='lat' dir='ltr'><strong>qt</strong></span> 
     </span>
     <span class='ocr_line' id='line_1_3' title="bbox 152 940 1011 1044; baseline 0 -27"><span class='ocrx_word' id='word_1_13' title='bbox 152 941 336 1030; x_wconf 76' lang='lat' dir='ltr'><strong>Crescendo</strong></span> <span class='ocrx_word' id='word_1_14' title='bbox 351 942 465 1040; x_wconf 80' lang='lat' dir='ltr'><strong>jungi,</strong></span> <span class='ocrx_word' id='word_1_15' title='bbox 483 942 671 1044; x_wconf 85' lang='lat' dir='ltr'><strong>pariterque</strong></span> <span class='ocrx_word' id='word_1_16' title='bbox 687 940 872 1017; x_wconf 81' lang='lat' dir='ltr'>adolescere</span> <span class='ocrx_word' id='word_1_17' title='bbox 890 960 1011 1019; x_wconf 80' lang='lat' dir='ltr'><strong>cernat</strong></span> 
     </span>
     <span class='ocr_line' id='line_1_4' title="bbox 149 1056 948 1159; baseline 0.003 -30"><span class='ocrx_word' id='word_1_18' title='bbox 149 1056 204 1131; x_wconf 92' lang='lat' dir='ltr'><strong>Sic</strong></span> <span class='ocrx_word' id='word_1_19' title='bbox 221 1056 281 1130; x_wconf 91' lang='lat' dir='ltr'><strong>ubi</strong></span> <span class='ocrx_word' id='word_1_20' title='bbox 297 1056 472 1159; x_wconf 87' lang='lat' dir='ltr'><strong>complexu</strong></span> <span class='ocrx_word' id='word_1_21' title='bbox 488 1058 640 1131; x_wconf 90' lang='lat' dir='ltr'><strong>coierunt</strong></span> <span class='ocrx_word' id='word_1_22' title='bbox 654 1058 802 1131; x_wconf 90' lang='lat' dir='ltr'><strong>membra</strong></span> <span class='ocrx_word' id='word_1_23' title='bbox 819 1058 948 1146; x_wconf 89' lang='lat' dir='ltr'><strong>tenaci,</strong></span> 
     </span>
     <span class='ocr_line' id='line_1_5' title="bbox 148 1172 1059 1275; baseline 0.002 -27"><span class='ocrx_word' id='word_1_24' title='bbox 148 1176 217 1248; x_wconf 87' lang='lat' dir='ltr'><strong>Nec</strong></span> <span class='ocrx_word' id='word_1_25' title='bbox 234 1173 301 1247; x_wconf 92' lang='lat' dir='ltr'><strong>duo</strong></span> <span class='ocrx_word' id='word_1_26' title='bbox 319 1191 416 1261; x_wconf 88' lang='lat' dir='ltr'><strong>sunt,</strong></span> <span class='ocrx_word' id='word_1_27' title='bbox 432 1191 466 1247; x_wconf 91' lang='lat' dir='ltr'><strong>et</strong></span> <span class='ocrx_word' id='word_1_28' title='bbox 480 1173 586 1248; x_wconf 88' lang='lat' dir='ltr'><strong>forma</strong></span> <span class='ocrx_word' id='word_1_29' title='bbox 604 1172 746 1275; x_wconf 86' lang='lat' dir='ltr'>duplex,</span> <span class='ocrx_word' id='word_1_30' title='bbox 762 1202 824 1249; x_wconf 91' lang='lat' dir='ltr'><strong>nec</strong></span> <span class='ocrx_word' id='word_1_31' title='bbox 840 1174 964 1249; x_wconf 79' lang='lat' dir='ltr'><strong>sentina</strong></span> <span class='ocrx_word' id='word_1_32' title='bbox 978 1174 1059 1263; x_wconf 90' lang='lat' dir='ltr'><strong>dici,</strong></span> 
     </span>
     <span class='ocr_line' id='line_1_6' title="bbox 147 1287 1167 1390; baseline 0 -27"><span class='ocrx_word' id='word_1_33' title='bbox 147 1290 216 1363; x_wconf 85' lang='lat' dir='ltr'><strong>Nec</strong></span> <span class='ocrx_word' id='word_1_34' title='bbox 232 1316 316 1390; x_wconf 84' lang='lat' dir='ltr'><strong>puer</strong></span> <span class='ocrx_word' id='word_1_35' title='bbox 331 1305 369 1361; x_wconf 91' lang='lat' dir='ltr'><strong>ut</strong></span> <span class='ocrx_word' id='word_1_36' title='bbox 381 1287 532 1390; x_wconf 78' lang='lat' dir='ltr'><strong>possint3</strong></span> <span class='ocrx_word' id='word_1_37' title='bbox 545 1304 784 1390; x_wconf 89' lang='lat' dir='ltr'><strong>neutrumque,</strong></span> <span class='ocrx_word' id='word_1_38' title='bbox 799 1306 832 1363; x_wconf 91' lang='lat' dir='ltr'><strong>et</strong></span> <span class='ocrx_word' id='word_1_39' title='bbox 846 1306 1025 1389; x_wconf 87' lang='lat' dir='ltr'><strong>utrumque</strong></span> <span class='ocrx_word' id='word_1_40' title='bbox 1036 1288 1167 1365; x_wconf 73' lang='lat' dir='ltr'><strong>vidntur.</strong></span> 
     </span>
     <span class='ocr_line' id='line_1_7' title="bbox 71 1400 1170 1503; baseline 0.002 -26"><span class='ocrx_word' id='word_1_41' title='bbox 71 1484 77 1495; x_wconf 55' lang='grc'>,</span> <span class='ocrx_word' id='word_1_42' title='bbox 147 1406 239 1499; x_wconf 78' lang='lat' dir='ltr'><strong>Ergo</strong></span> <span class='ocrx_word' id='word_1_43' title='bbox 257 1403 317 1476; x_wconf 93' lang='lat' dir='ltr'><strong>ubi</strong></span> <span class='ocrx_word' id='word_1_44' title='bbox 334 1430 369 1476; x_wconf 87' lang='lat' dir='ltr'><strong>se</strong></span> <span class='ocrx_word' id='word_1_45' title='bbox 383 1400 544 1503; x_wconf 90' lang='lat' dir='ltr'><strong>liquidas,</strong></span> <span class='ocrx_word' id='word_1_46' title='bbox 563 1431 631 1503; x_wconf 90' lang='lat' dir='ltr'><strong>quo</strong></span> <span class='ocrx_word' id='word_1_47' title='bbox 648 1404 699 1476; x_wconf 87' lang='lat' dir='ltr'><strong>vir</strong></span> <span class='ocrx_word' id='word_1_48' title='bbox 715 1403 946 1491; x_wconf 80' lang='lat' dir='ltr'><strong>descenderat,</strong></span> <span class='ocrx_word' id='word_1_49' title='bbox 963 1404 1064 1479; x_wconf 89' lang='lat' dir='ltr'><strong>undas</strong></span> <span class='ocrx_word' id='word_1_50' title='bbox 1131 1430 1170 1485; x_wconf 74' lang='lat' dir='ltr'><strong>sto</strong></span> 
     </span>
     <span class='ocr_line' id='line_1_8' title="bbox 148 1515 965 1616; baseline 0.001 -26"><span class='ocrx_word' id='word_1_51' title='bbox 148 1518 358 1592; x_wconf 89' lang='lat' dir='ltr'><strong>Semimarem</strong></span> <span class='ocrx_word' id='word_1_52' title='bbox 374 1516 489 1590; x_wconf 87' lang='lat' dir='ltr'><strong>fecisse</strong></span> <span class='ocrx_word' id='word_1_53' title='bbox 509 1516 616 1604; x_wconf 86' lang='lat' dir='ltr'><strong>videt,</strong></span> <span class='ocrx_word' id='word_1_54' title='bbox 634 1515 827 1616; x_wconf 76' lang='lat' dir='ltr'>mollitaque</span> <span class='ocrx_word' id='word_1_55' title='bbox 845 1516 965 1591; x_wconf 89' lang='lat' dir='ltr'><strong>inillis</strong></span> 
     </span>
     <span class='ocr_line' id='line_1_9' title="bbox 147 1631 1081 1732; baseline 0 -25"><span class='ocrx_word' id='word_1_56' title='bbox 147 1633 318 1721; x_wconf 86' lang='lat' dir='ltr'><strong>Membra;</strong></span> <span class='ocrx_word' id='word_1_57' title='bbox 333 1660 451 1706; x_wconf 90' lang='lat' dir='ltr'><strong>manus</strong></span> <span class='ocrx_word' id='word_1_58' title='bbox 468 1631 625 1719; x_wconf 88' lang='lat' dir='ltr'><strong>tendens,</strong></span> <span class='ocrx_word' id='word_1_59' title='bbox 643 1632 702 1707; x_wconf 88' lang='lat' dir='ltr'><strong>sed</strong></span> <span class='ocrx_word' id='word_1_60' title='bbox 715 1633 781 1732; x_wconf 85' lang='lat' dir='ltr'><strong>jam</strong></span> <span class='ocrx_word' id='word_1_61' title='bbox 798 1661 868 1706; x_wconf 92' lang='lat' dir='ltr'><strong>non</strong></span> <span class='ocrx_word' id='word_1_62' title='bbox 885 1660 965 1709; x_wconf 85' lang='lat' dir='ltr'><strong>voce</strong></span> <span class='ocrx_word' id='word_1_63' title='bbox 983 1632 1081 1721; x_wconf 82' lang='lat' dir='ltr'><strong>virili,</strong></span> 
     </span>
     <span class='ocr_line' id='line_1_10' title="bbox 146 1746 1056 1850; baseline 0.003 -29"><span class='ocrx_word' id='word_1_64' title='bbox 146 1746 445 1850; x_wconf 79' lang='lat' dir='ltr'><strong>Hemraphroditus</strong></span> <span class='ocrx_word' id='word_1_65' title='bbox 462 1747 527 1836; x_wconf 87' lang='lat' dir='ltr'><strong>ait;</strong></span> <span class='ocrx_word' id='word_1_66' title='bbox 547 1781 565 1813; x_wconf 88' lang='lat'>«</span> <span class='ocrx_word' id='word_1_67' title='bbox 584 1749 673 1821; x_wconf 88' lang='lat' dir='ltr'><strong>Nato</strong></span> <span class='ocrx_word' id='word_1_68' title='bbox 689 1747 762 1821; x_wconf 90' lang='lat' dir='ltr'><strong>date</strong></span> <span class='ocrx_word' id='word_1_69' title='bbox 779 1776 916 1823; x_wconf 90' lang='lat' dir='ltr'><strong>munera</strong></span> <span class='ocrx_word' id='word_1_70' title='bbox 930 1766 1056 1837; x_wconf 79' lang='lat' dir='ltr'><strong>restro,</strong></span> 
     </span>
     <span class='ocr_line' id='line_1_11' title="bbox 148 1852 1082 1967; baseline 0 -29"><span class='ocrx_word' id='word_1_71' title='bbox 148 1898 166 1930; x_wconf 76' lang='lat' dir='ltr'><strong>u</strong></span> <span class='ocrx_word' id='word_1_72' title='bbox 185 1868 232 1939; x_wconf 82' lang='lat' dir='ltr'><strong>Et</strong></span> <span class='ocrx_word' id='word_1_73' title='bbox 246 1882 358 1967; x_wconf 91' lang='lat' dir='ltr'><strong>pater,</strong></span> <span class='ocrx_word' id='word_1_74' title='bbox 373 1880 405 1937; x_wconf 91' lang='lat' dir='ltr'><strong>et</strong></span> <span class='ocrx_word' id='word_1_75' title='bbox 422 1852 586 1959; x_wconf 75' lang='lat' dir='ltr'><strong>genetrix,</strong></span> <span class='ocrx_word' id='word_1_76' title='bbox 603 1862 774 1936; x_wconf 91' lang='lat' dir='ltr'><strong>amborum</strong></span> <span class='ocrx_word' id='word_1_77' title='bbox 789 1892 914 1937; x_wconf 91' lang='lat' dir='ltr'><strong>nomen</strong></span> <span class='ocrx_word' id='word_1_78' title='bbox 931 1863 1082 1939; x_wconf 80' lang='lat' dir='ltr'><strong>habenti:</strong></span> 
     </span>
     <span class='ocr_line' id='line_1_12' title="bbox 148 1976 1162 2079; baseline 0.008 -34"><span class='ocrx_word' id='word_1_79' title='bbox 148 2014 165 2045; x_wconf 82' lang='grc'>»</span> <span class='ocrx_word' id='word_1_80' title='bbox 186 1980 350 2079; x_wconf 84' lang='lat' dir='ltr'><strong>Quisquis</strong></span> <span class='ocrx_word' id='word_1_81' title='bbox 367 1980 402 2052; x_wconf 91' lang='lat' dir='ltr'><strong>in</strong></span> <span class='ocrx_word' id='word_1_82' title='bbox 418 1979 483 2053; x_wconf 82' lang='lat' dir='ltr'><strong>hos</strong></span> <span class='ocrx_word' id='word_1_83' title='bbox 499 1978 609 2053; x_wconf 85' lang='lat' dir='ltr'><strong>fontes</strong></span> <span class='ocrx_word' id='word_1_84' title='bbox 622 1978 673 2051; x_wconf 76' lang='lat' dir='ltr'><strong>vir</strong></span> <span class='ocrx_word' id='word_1_85' title='bbox 689 1976 834 2065; x_wconf 87' lang='lat' dir='ltr'><strong>venerit,</strong></span> <span class='ocrx_word' id='word_1_86' title='bbox 856 1995 951 2052; x_wconf 83' lang='lat' dir='ltr'><strong>exeat</strong></span> <span class='ocrx_word' id='word_1_87' title='bbox 965 1977 1041 2053; x_wconf 91' lang='lat' dir='ltr'><strong>inde</strong></span> <span class='ocrx_word' id='word_1_88' title='bbox 1129 1997 1162 2053; x_wconf 78' lang='lat' dir='ltr'><strong>au</strong></span> 
     </span>
     <span class='ocr_line' id='line_1_13' title="bbox 149 2091 1029 2183; baseline 0.001 -16"><span class='ocrx_word' id='word_1_89' title='bbox 149 2128 166 2159; x_wconf 87' lang='lat'>»</span> <span class='ocrx_word' id='word_1_90' title='bbox 187 2094 341 2183; x_wconf 81' lang='lat' dir='ltr'><strong>Semivir3</strong></span> <span class='ocrx_word' id='word_1_91' title='bbox 361 2112 394 2168; x_wconf 89' lang='lat' dir='ltr'><strong>et</strong></span> <span class='ocrx_word' id='word_1_92' title='bbox 412 2094 507 2169; x_wconf 86' lang='lat' dir='ltr'><strong>tactis</strong></span> <span class='ocrx_word' id='word_1_93' title='bbox 523 2094 637 2169; x_wconf 90' lang='lat' dir='ltr'><strong>subito</strong></span> <span class='ocrx_word' id='word_1_94' title='bbox 650 2091 820 2169; x_wconf 82' lang='lat' dir='ltr'><strong>mollescat</strong></span> <span class='ocrx_word' id='word_1_95' title='bbox 832 2094 868 2166; x_wconf 93' lang='lat' dir='ltr'><strong>in</strong></span> <span class='ocrx_word' id='word_1_96' title='bbox 883 2094 994 2168; x_wconf 86' lang='lat' dir='ltr'><strong>undis.</strong></span> <span class='ocrx_word' id='word_1_97' title='bbox 1011 2128 1029 2159; x_wconf 70' lang='lat' dir='ltr'><strong>a</strong></span> 
     </span>
     <span class='ocr_line' id='line_1_14' title="bbox 144 2209 1023 2312; baseline 0.003 -30"><span class='ocrx_word' id='word_1_98' title='bbox 144 2210 262 2283; x_wconf 81' lang='lat' dir='ltr'><strong>Motus</strong></span> <span class='ocrx_word' id='word_1_99' title='bbox 277 2226 417 2310; x_wconf 88' lang='lat' dir='ltr'><strong>uterque</strong></span> <span class='ocrx_word' id='word_1_100' title='bbox 433 2238 568 2312; x_wconf 90' lang='lat' dir='ltr'><strong>parens,</strong></span> <span class='ocrx_word' id='word_1_101' title='bbox 587 2211 657 2283; x_wconf 92' lang='lat' dir='ltr'><strong>nati</strong></span> <span class='ocrx_word' id='word_1_102' title='bbox 670 2228 740 2284; x_wconf 90' lang='lat' dir='ltr'><strong>rata</strong></span> <span class='ocrx_word' id='word_1_103' title='bbox 754 2209 853 2283; x_wconf 83' lang='lat' dir='ltr'><strong>rerba</strong></span> <span class='ocrx_word' id='word_1_104' title='bbox 869 2209 1023 2285; x_wconf 77' lang='lat' dir='ltr'><strong>biformis</strong></span> 
     </span>
     <span class='ocr_line' id='line_1_15' title="bbox 143 2324 981 2414; baseline -0.008 -14"><span class='ocrx_word' id='word_1_105' title='bbox 143 2326 255 2414; x_wconf 84' lang='lat' dir='ltr'><strong>Fecit,</strong></span> <span class='ocrx_word' id='word_1_106' title='bbox 274 2342 308 2398; x_wconf 92' lang='lat' dir='ltr'><strong>et</strong></span> <span class='ocrx_word' id='word_1_107' title='bbox 320 2325 447 2399; x_wconf 92' lang='lat' dir='ltr'><strong>incerto</strong></span> <span class='ocrx_word' id='word_1_108' title='bbox 463 2324 589 2399; x_wconf 85' lang='lat' dir='ltr'><strong>sontem</strong></span> <span class='ocrx_word' id='word_1_109' title='bbox 605 2325 818 2401; x_wconf 83' lang='lat' dir='ltr'><strong>medicamine</strong></span> <span class='ocrx_word' id='word_1_110' title='bbox 834 2326 944 2399; x_wconf 79' lang='lat' dir='ltr'><strong>tinxit.</strong></span> <span class='ocrx_word' id='word_1_111' title='bbox 962 2360 981 2393; x_wconf 87' lang='lat'>»</span> 
     </span>
    </p>

    <p class='ocr_par' dir='ltr' id='par_1_3' title="bbox 192 2440 971 2543">
     <span class='ocr_line' id='line_1_16' title="bbox 192 2440 971 2543; baseline 0.005 -30"><span class='ocrx_word' id='word_1_112' title='bbox 192 2440 285 2515; x_wconf 86' lang='lat' dir='ltr'><strong>Finis</strong></span> <span class='ocrx_word' id='word_1_113' title='bbox 302 2458 372 2515; x_wconf 89' lang='lat' dir='ltr'><strong>erat</strong></span> <span class='ocrx_word' id='word_1_114' title='bbox 388 2441 505 2529; x_wconf 87' lang='lat' dir='ltr'><strong>dictis;</strong></span> <span class='ocrx_word' id='word_1_115' title='bbox 523 2459 557 2514; x_wconf 90' lang='lat' dir='ltr'><strong>et</strong></span> <span class='ocrx_word' id='word_1_116' title='bbox 570 2440 677 2515; x_wconf 89' lang='lat' dir='ltr'><strong>adhuc</strong></span> <span class='ocrx_word' id='word_1_117' title='bbox 695 2442 842 2543; x_wconf 76' lang='lat' dir='ltr'><strong>Minyeia</strong></span> <span class='ocrx_word' id='word_1_118' title='bbox 858 2442 971 2543; x_wconf 89' lang='lat' dir='ltr'><strong>proles</strong></span> 
     </span>
    </p>
   </div>
   <div class='ocr_carea' id='block_1_3' title="bbox 141 2557 1160 2774">
    <p class='ocr_par' dir='ltr' id='par_1_4' title="bbox 141 2557 1160 2774">
     <span class='ocr_line' id='line_1_17' title="bbox 142 2557 1160 2661; baseline -0.002 -31"><span class='ocrx_word' id='word_1_119' title='bbox 142 2560 249 2653; x_wconf 83' lang='lat' dir='ltr'><strong>Urget</strong></span> <span class='ocrx_word' id='word_1_120' title='bbox 262 2586 366 2659; x_wconf 89' lang='lat' dir='ltr'><strong>opus,</strong></span> <span class='ocrx_word' id='word_1_121' title='bbox 384 2557 574 2660; x_wconf 85' lang='lat' dir='ltr'><strong>spernitque</strong></span> <span class='ocrx_word' id='word_1_122' title='bbox 592 2558 716 2643; x_wconf 92' lang='lat' dir='ltr'><strong>Deum,</strong></span> <span class='ocrx_word' id='word_1_123' title='bbox 730 2558 915 2660; x_wconf 83' lang='lat' dir='ltr'><strong>festumque</strong></span> <span class='ocrx_word' id='word_1_124' title='bbox 932 2558 1093 2661; x_wconf 84' lang='lat' dir='ltr'><strong>profanat:</strong></span> <span class='ocrx_word' id='word_1_125' title='bbox 1127 2576 1160 2643; x_wconf 73' lang='lat'><strong>³⁹⁰</strong></span> 
     </span>
     <span class='ocr_line' id='line_1_18' title="bbox 141 2672 981 2774; baseline 0.006 -31"><span class='ocrx_word' id='word_1_126' title='bbox 141 2672 312 2773; x_wconf 86' lang='lat' dir='ltr'><strong>Tympana</strong></span> <span class='ocrx_word' id='word_1_127' title='bbox 329 2700 431 2774; x_wconf 92' lang='lat' dir='ltr'><strong>quum</strong></span> <span class='ocrx_word' id='word_1_128' title='bbox 451 2673 565 2747; x_wconf 90' lang='lat' dir='ltr'><strong>subito</strong></span> <span class='ocrx_word' id='word_1_129' title='bbox 581 2701 649 2746; x_wconf 91' lang='lat' dir='ltr'><strong>non</strong></span> <span class='ocrx_word' id='word_1_130' title='bbox 667 2673 856 2774; x_wconf 85' lang='lat' dir='ltr'><strong>adparentia</strong></span> <span class='ocrx_word' id='word_1_131' title='bbox 870 2674 981 2749; x_wconf 87' lang='lat' dir='ltr'><strong>raucis</strong></span> 
     </span>
    </p>
   </div>
   <div class='ocr_carea' id='block_1_4' title="bbox 128 2878 1166 4517">
    <p class='ocr_par' dir='ltr' id='par_1_5' title="bbox 133 2878 1162 3185">
     <span class='ocr_line' id='line_1_19' title="bbox 142 2878 1162 2947; baseline 0.008 -17"><span class='ocrx_word' id='word_1_132' title='bbox 142 2878 230 2931; x_wconf 88' lang='lat' dir='ltr'><strong>Etiam</strong></span> <span class='ocrx_word' id='word_1_133' title='bbox 242 2878 313 2947; x_wconf 79' lang='lat' dir='ltr'><strong>vlt,</strong></span> <span class='ocrx_word' id='word_1_134' title='bbox 325 2880 390 2947; x_wconf 75' lang='lat'><strong>624,</strong></span> <span class='ocrx_word' id='word_1_135' title='bbox 407 2884 521 2934; x_wconf 73' lang='lat' dir='ltr'><strong>membris</strong></span> <span class='ocrx_word' id='word_1_136' title='bbox 531 2882 645 2934; x_wconf 68' lang='lat' dir='ltr'><strong>abducere</strong></span> <span class='ocrx_word' id='word_1_137' title='bbox 693 2882 1162 2938; x_wconf 57' lang='lat' dir='ltr'><strong>„alterutraenmuttebren-Pustt·</strong></span> 
     </span>
     <span class='ocr_line' id='line_1_20' title="bbox 133 2958 1161 3032; baseline 0 -20"><span class='ocrx_word' id='word_1_138' title='bbox 133 2959 251 3028; x_wconf 70' lang='lat' dir='ltr'><strong>firmam.</strong></span> <span class='ocrx_word' id='word_1_139' title='bbox 265 2987 299 2999; x_wconf 90' lang='lat'><em>—</em></span> <span class='ocrx_word' id='word_1_140' title='bbox 314 2962 441 3014; x_wconf 81' lang='lat' dir='ltr'><strong>Conducto</strong></span> <span class='ocrx_word' id='word_1_141' title='bbox 455 2966 545 3015; x_wconf 82' lang='lat' dir='ltr'><strong>cortice</strong></span> <span class='ocrx_word' id='word_1_142' title='bbox 559 2960 645 3013; x_wconf 88' lang='lat' dir='ltr'><strong>debe-</strong></span> <span class='ocrx_word' id='word_1_143' title='bbox 691 2963 820 3025; x_wconf 63' lang='lat' dir='ltr'><strong>aucant,-</strong></span> <span class='ocrx_word' id='word_1_144' title='bbox 834 2962 918 3014; x_wconf 80' lang='lat' dir='ltr'><strong>nostri</strong></span> <span class='ocrx_word' id='word_1_145' title='bbox 935 2961 1026 3032; x_wconf 77' lang='lat' dir='ltr'><strong>Regii,</strong></span> <span class='ocrx_word' id='word_1_146' title='bbox 1030 2958 1161 3029; x_wconf 66' lang='lat' dir='ltr'><strong>possumi-</strong></span> 
     </span>
     <span class='ocr_line' id='line_1_21' title="bbox 140 3036 1162 3110; baseline 0 -21"><span class='ocrx_word' id='word_1_147' title='bbox 140 3055 199 3089; x_wconf 87' lang='lat' dir='ltr'><strong>mus</strong></span> <span class='ocrx_word' id='word_1_148' title='bbox 218 3036 330 3089; x_wconf 83' lang='lat' dir='ltr'><strong>Heinsio</strong></span> <span class='ocrx_word' id='word_1_149' title='bbox 342 3037 386 3104; x_wconf 92' lang='lat' dir='ltr'><strong>qui</strong></span> <span class='ocrx_word' id='word_1_150' title='bbox 402 3048 429 3090; x_wconf 92' lang='lat' dir='ltr'><strong>et</strong></span> <span class='ocrx_word' id='word_1_151' title='bbox 444 3043 578 3100; x_wconf 76' lang='lat' dir='ltr'><strong>corticem,</strong></span> <span class='ocrx_word' id='word_1_152' title='bbox 597 3056 644 3105; x_wconf 72' lang='lat' dir='ltr'><strong>ge·</strong></span> <span class='ocrx_word' id='word_1_153' title='bbox 690 3038 1162 3110; x_wconf 65' lang='lat' dir='ltr'><strong>delunrectiussorsan,quiaduou-</strong></span> 
     </span>
     <span class='ocr_line' id='line_1_22' title="bbox 139 3115 877 3185; baseline 0.001 -16"><span class='ocrx_word' id='word_1_154' title='bbox 139 3117 210 3169; x_wconf 86' lang='lat' dir='ltr'><strong>neris</strong></span> <span class='ocrx_word' id='word_1_155' title='bbox 229 3115 364 3181; x_wconf 84' lang='lat' dir='ltr'><strong>seminini,</strong></span> <span class='ocrx_word' id='word_1_156' title='bbox 378 3125 404 3168; x_wconf 90' lang='lat' dir='ltr'><strong>et</strong></span> <span class='ocrx_word' id='word_1_157' title='bbox 421 3115 525 3185; x_wconf 84' lang='lat' dir='ltr'><strong>phrasin</strong></span> <span class='ocrx_word' id='word_1_158' title='bbox 542 3118 643 3168; x_wconf 80' lang='lat' dir='ltr'><strong>condu-</strong></span> <span class='ocrx_word' id='word_1_159' title='bbox 690 3116 813 3170; x_wconf 83' lang='lat' dir='ltr'><strong>efficiunt.</strong></span> <span class='ocrx_word' id='word_1_160' title='bbox 828 3119 877 3170; x_wconf 74' lang='lat' dir='ltr'><strong>Ed.</strong></span> 
     </span>
    </p>

    <p class='ocr_par' dir='ltr' id='par_1_6' title="bbox 135 3193 1162 3653">
     <span class='ocr_line' id='line_1_23' title="bbox 138 3193 1161 3263; baseline 0.001 -14"><span class='ocrx_word' id='word_1_161' title='bbox 138 3200 313 3249; x_wconf 79' lang='lat' dir='ltr'><strong>cerecorlr&#39;cerr</strong></span> <span class='ocrx_word' id='word_1_162' title='bbox 320 3194 436 3263; x_wconf 88' lang='lat' dir='ltr'><strong>pluribus</strong></span> <span class='ocrx_word' id='word_1_163' title='bbox 445 3194 560 3248; x_wconf 86' lang='lat' dir='ltr'><strong>illustrat.</strong></span> <span class='ocrx_word' id='word_1_164' title='bbox 568 3193 642 3248; x_wconf 88' lang='lat' dir='ltr'><strong>Olim</strong></span> <span class='ocrx_word' id='word_1_165' title='bbox 722 3194 777 3247; x_wconf 75' lang='lat'><strong>386.</strong></span> <span class='ocrx_word' id='word_1_166' title='bbox 793 3197 825 3246; x_wconf 76' lang='lat' dir='ltr'><strong>In</strong></span> <span class='ocrx_word' id='word_1_167' title='bbox 840 3197 924 3248; x_wconf 75' lang='lat' dir='ltr'><strong>undr&#39;s.</strong></span> <span class='ocrx_word' id='word_1_168' title='bbox 942 3196 1068 3250; x_wconf 78' lang='lat' dir='ltr'><strong>Heinsius</strong></span> <span class='ocrx_word' id='word_1_169' title='bbox 1081 3194 1161 3261; x_wconf 49' lang='lat' dir='ltr'><strong>totth·</strong></span> 
     </span>
     <span class='ocr_line' id='line_1_24' title="bbox 137 3269 1162 3340; baseline 0 -15"><span class='ocrx_word' id='word_1_170' title='bbox 137 3271 265 3326; x_wconf 86' lang='lat' dir='ltr'><strong>edebatur</strong></span> <span class='ocrx_word' id='word_1_171' title='bbox 281 3274 431 3333; x_wconf 56' lang='lat' dir='ltr'><strong>conducam</strong></span> <span class='ocrx_word' id='word_1_172' title='bbox 456 3270 526 3340; x_wconf 92' lang='lat' dir='ltr'><strong>quod</strong></span> <span class='ocrx_word' id='word_1_173' title='bbox 545 3270 642 3324; x_wconf 76' lang='lat' dir='ltr'><strong>habent</strong></span> <span class='ocrx_word' id='word_1_174' title='bbox 689 3274 797 3323; x_wconf 78' lang='lat' dir='ltr'><strong>tumeat</strong></span> <span class='ocrx_word' id='word_1_175' title='bbox 805 3274 894 3334; x_wconf 60' lang='lat' dir='ltr'><strong>undis,</strong></span> <span class='ocrx_word' id='word_1_176' title='bbox 908 3272 950 3326; x_wconf 81' lang='lat' dir='ltr'><strong>vel</strong></span> <span class='ocrx_word' id='word_1_177' title='bbox 959 3269 1162 3327; x_wconf 63' lang='lat' dir='ltr'><strong>uendit-tt*</strong></span> 
     </span>
     <span class='ocr_line' id='line_1_25' title="bbox 138 3349 1162 3421; baseline -0.002 -19"><span class='ocrx_word' id='word_1_178' title='bbox 138 3350 214 3419; x_wconf 74' lang='lat' dir='ltr'><strong>Regii</strong></span> <span class='ocrx_word' id='word_1_179' title='bbox 233 3349 325 3403; x_wconf 85' lang='lat' dir='ltr'><strong>nostri.</strong></span> <span class='ocrx_word' id='word_1_180' title='bbox 350 3349 506 3408; x_wconf 83' lang='lat' dir='ltr'><strong>Conducere,</strong></span> <span class='ocrx_word' id='word_1_181' title='bbox 529 3358 640 3401; x_wconf 86' lang='lat' dir='ltr'><strong>contra·</strong></span> <span class='ocrx_word' id='word_1_182' title='bbox 687 3349 721 3400; x_wconf 89' lang='lat' dir='ltr'><strong>tri</strong></span> <span class='ocrx_word' id='word_1_183' title='bbox 744 3349 818 3417; x_wconf 78' lang='lat' dir='ltr'><strong>Regii</strong></span> <span class='ocrx_word' id='word_1_184' title='bbox 842 3360 949 3404; x_wconf 76' lang='lat' dir='ltr'><strong>serrant</strong></span> <span class='ocrx_word' id='word_1_185' title='bbox 967 3352 1113 3421; x_wconf 65' lang='lat' dir='ltr'><strong>vulgatam,</strong></span> <span class='ocrx_word' id='word_1_186' title='bbox 1129 3362 1162 3400; x_wconf 71' lang='lat' dir='ltr'><strong>ns</strong></span> 
     </span>
     <span class='ocr_line' id='line_1_26' title="bbox 136 3424 1162 3499; baseline 0.007 -21"><span class='ocrx_word' id='word_1_187' title='bbox 136 3424 216 3489; x_wconf 76' lang='lat' dir='ltr'><strong>liere3</strong></span> <span class='ocrx_word' id='word_1_188' title='bbox 235 3427 314 3480; x_wconf 86' lang='lat' dir='ltr'><strong>etiam</strong></span> <span class='ocrx_word' id='word_1_189' title='bbox 336 3428 439 3477; x_wconf 81' lang='lat' dir='ltr'><strong>vulnera</strong></span> <span class='ocrx_word' id='word_1_190' title='bbox 457 3427 637 3488; x_wconf 78' lang='lat' dir='ltr'><strong>conducuntur,</strong></span> <span class='ocrx_word' id='word_1_191' title='bbox 687 3426 762 3479; x_wconf 87' lang='lat' dir='ltr'><strong>video</strong></span> <span class='ocrx_word' id='word_1_192' title='bbox 783 3446 834 3496; x_wconf 91' lang='lat' dir='ltr'><strong>quo</strong></span> <span class='ocrx_word' id='word_1_193' title='bbox 849 3427 940 3482; x_wconf 87' lang='lat' dir='ltr'><strong>redcat</strong></span> <span class='ocrx_word' id='word_1_194' title='bbox 959 3430 1063 3484; x_wconf 85' lang='lat' dir='ltr'><strong>Heinsii</strong></span> <span class='ocrx_word' id='word_1_195' title='bbox 1079 3442 1162 3499; x_wconf 71' lang='lat' dir='ltr'><strong>pen*</strong></span> 
     </span>
     <span class='ocr_line' id='line_1_27' title="bbox 136 3498 1162 3573; baseline 0.007 -19"><span class='ocrx_word' id='word_1_196' title='bbox 136 3504 242 3571; x_wconf 88' lang='lat' dir='ltr'><strong>quando</strong></span> <span class='ocrx_word' id='word_1_197' title='bbox 252 3513 356 3558; x_wconf 84' lang='lat' dir='ltr'><strong>coeunt.</strong></span> <span class='ocrx_word' id='word_1_198' title='bbox 366 3503 509 3565; x_wconf 77' lang='lat' dir='ltr'><strong>-Cemnt,</strong></span> <span class='ocrx_word' id='word_1_199' title='bbox 526 3521 574 3572; x_wconf 84' lang='lat' dir='ltr'><strong>pro</strong></span> <span class='ocrx_word' id='word_1_200' title='bbox 586 3522 639 3572; x_wconf 91' lang='lat' dir='ltr'><strong>quo</strong></span> <span class='ocrx_word' id='word_1_201' title='bbox 687 3507 757 3560; x_wconf 89' lang='lat' dir='ltr'><strong>tatio.</strong></span> <span class='ocrx_word' id='word_1_202' title='bbox 769 3510 859 3559; x_wconf 55' lang='lat' dir='ltr'><strong>Eda-</strong></span> <span class='ocrx_word' id='word_1_203' title='bbox 867 3509 985 3573; x_wconf 73' lang='lat' dir='ltr'><strong>Incerto,</strong></span> <span class='ocrx_word' id='word_1_204' title='bbox 1007 3527 1105 3564; x_wconf 72' lang='lat' dir='ltr'><strong>arcam</strong></span> <span class='ocrx_word' id='word_1_205' title='bbox 1117 3498 1162 3557; x_wconf 60' lang='grc' dir='ltr'><strong>Ἣ*</strong></span> 
     </span>
     <span class='ocr_line' id='line_1_28' title="bbox 135 3581 955 3653; baseline 0.007 -21"><span class='ocrx_word' id='word_1_206' title='bbox 135 3586 215 3633; x_wconf 75' lang='lat' dir='ltr'><strong>cerui!</strong></span> <span class='ocrx_word' id='word_1_207' title='bbox 224 3582 251 3634; x_wconf 88' lang='lat' dir='ltr'><strong>in</strong></span> <span class='ocrx_word' id='word_1_208' title='bbox 263 3582 357 3635; x_wconf 86' lang='lat' dir='ltr'><strong>nostris</strong></span> <span class='ocrx_word' id='word_1_209' title='bbox 368 3581 462 3653; x_wconf 79' lang='lat' dir='ltr'><strong>Regiis.</strong></span> <span class='ocrx_word' id='word_1_210' title='bbox 474 3584 524 3633; x_wconf 73' lang='lat' dir='ltr'><strong>Ed.</strong></span> <span class='ocrx_word' id='word_1_211' title='bbox 686 3583 718 3636; x_wconf 90' lang='lat' dir='ltr'><strong>ad</strong></span> <span class='ocrx_word' id='word_1_212' title='bbox 730 3584 826 3637; x_wconf 88' lang='lat' dir='ltr'><strong>librum</strong></span> <span class='ocrx_word' id='word_1_213' title='bbox 839 3585 881 3651; x_wconf 86' lang='lat' dir='ltr'><strong>lt,</strong></span> <span class='ocrx_word' id='word_1_214' title='bbox 899 3606 955 3638; x_wconf 83' lang='lat' dir='ltr'><strong>raa.</strong></span> 
     </span>
    </p>

    <p class='ocr_par' dir='ltr' id='par_1_7' title="bbox 128 3657 1166 4517">
     <span class='ocr_line' id='line_1_29' title="bbox 168 3657 1161 3735; baseline 0.012 -27"><span class='ocrx_word' id='word_1_215' title='bbox 168 3657 224 3727; x_wconf 82' lang='lat'><strong>378.</strong></span> <span class='ocrx_word' id='word_1_216' title='bbox 231 3662 338 3713; x_wconf 77' lang='lat' dir='ltr'><strong>Necduo</strong></span> <span class='ocrx_word' id='word_1_217' title='bbox 344 3669 405 3714; x_wconf 79' lang='lat' dir='ltr'><strong>sunt</strong></span> <span class='ocrx_word' id='word_1_218' title='bbox 409 3670 456 3714; x_wconf 87' lang='lat' dir='ltr'><strong>etc.</strong></span> <span class='ocrx_word' id='word_1_219' title='bbox 464 3659 561 3713; x_wconf 86' lang='lat' dir='ltr'><strong>Similis</strong></span> <span class='ocrx_word' id='word_1_220' title='bbox 568 3659 638 3713; x_wconf 86' lang='lat' dir='ltr'><strong>lusus</strong></span> <span class='ocrx_word' id='word_1_221' title='bbox 717 3664 774 3735; x_wconf 77' lang='lat'><strong>3³9.</strong></span> <span class='ocrx_word' id='word_1_222' title='bbox 792 3665 864 3715; x_wconf 71' lang='lat' dir='ltr'><strong>lituis</strong></span> <span class='ocrx_word' id='word_1_223' title='bbox 874 3670 930 3715; x_wconf 82' lang='lat' dir='ltr'><strong>em!</strong></span> <span class='ocrx_word' id='word_1_224' title='bbox 940 3668 1020 3718; x_wconf 80' lang='lat' dir='ltr'><strong>dr&#39;ctr&#39;s</strong></span> <span class='ocrx_word' id='word_1_225' title='bbox 1031 3675 1080 3719; x_wconf 71' lang='lat' dir='ltr'><strong>eto</strong></span> <span class='ocrx_word' id='word_1_226' title='bbox 1093 3664 1161 3719; x_wconf 60' lang='grc' dir='ltr'><strong>ΡΗ,</strong></span> 
     </span>
     <span class='ocr_line' id='line_1_30' title="bbox 135 3735 1163 3815; baseline 0.006 -27"><span class='ocrx_word' id='word_1_227' title='bbox 135 3735 192 3800; x_wconf 88' lang='lat' dir='ltr'><strong>Ill,</strong></span> <span class='ocrx_word' id='word_1_228' title='bbox 207 3736 270 3801; x_wconf 75' lang='lat'><strong>3523</strong></span> <span class='ocrx_word' id='word_1_229' title='bbox 283 3737 329 3790; x_wconf 90' lang='lat' dir='ltr'><strong>sed</strong></span> <span class='ocrx_word' id='word_1_230' title='bbox 341 3749 368 3792; x_wconf 84' lang='lat' dir='ltr'><strong>et</strong></span> <span class='ocrx_word' id='word_1_231' title='bbox 379 3758 440 3791; x_wconf 85' lang='lat' dir='ltr'><strong>mox</strong></span> <span class='ocrx_word' id='word_1_232' title='bbox 451 3758 515 3792; x_wconf 82' lang='lat' dir='ltr'><strong>vers.</strong></span> <span class='ocrx_word' id='word_1_233' title='bbox 524 3740 573 3804; x_wconf 73' lang='lat'><strong>4⁰⁰</strong></span> <span class='ocrx_word' id='word_1_234' title='bbox 581 3757 636 3806; x_wconf 89' lang='lat' dir='ltr'><strong>sqq.</strong></span> <span class='ocrx_word' id='word_1_235' title='bbox 684 3758 763 3809; x_wconf 86' lang='lat' dir='ltr'><strong>quarn</strong></span> <span class='ocrx_word' id='word_1_236' title='bbox 772 3752 918 3809; x_wconf 77' lang='lat' dir='ltr'><strong>passaesunt</strong></span> <span class='ocrx_word' id='word_1_237' title='bbox 926 3740 1087 3815; x_wconf 72' lang='lat' dir='ltr'><strong>Minyeides</strong></span> <span class='ocrx_word' id='word_1_238' title='bbox 1097 3742 1163 3797; x_wconf 69' lang='lat' dir='ltr'><strong>tum</strong></span> 
     </span>
     <span class='ocr_line' id='line_1_31' title="bbox 133 3815 1164 3890; baseline 0.004 -25"><span class='ocrx_word' id='word_1_239' title='bbox 133 3815 299 3881; x_wconf 58' lang='lat' dir='ltr'><strong>—Etfimnq</strong></span> <span class='ocrx_word' id='word_1_240' title='bbox 309 3816 354 3867; x_wconf 91' lang='lat' dir='ltr'><strong>sed</strong></span> <span class='ocrx_word' id='word_1_241' title='bbox 364 3827 452 3870; x_wconf 85' lang='lat' dir='ltr'><strong>tamen</strong></span> <span class='ocrx_word' id='word_1_242' title='bbox 463 3818 554 3869; x_wconf 84' lang='lat' dir='ltr'><strong>forma.</strong></span> <span class='ocrx_word' id='word_1_243' title='bbox 560 3816 636 3870; x_wconf 83' lang='lat' dir='ltr'><strong>Tales</strong></span> <span class='ocrx_word' id='word_1_244' title='bbox 684 3817 833 3886; x_wconf 87' lang='lat' dir='ltr'><strong>pertiliones</strong></span> <span class='ocrx_word' id='word_1_245' title='bbox 844 3827 953 3871; x_wconf 67' lang='lat' dir='ltr'><strong>mutate</strong></span> <span class='ocrx_word' id='word_1_246' title='bbox 960 3830 1032 3873; x_wconf 87' lang='lat' dir='ltr'><strong>sunt.</strong></span> <span class='ocrx_word' id='word_1_247' title='bbox 1045 3816 1118 3890; x_wconf 77' lang='lat' dir='ltr'><strong>Apud</strong></span> <span class='ocrx_word' id='word_1_248' title='bbox 1126 3816 1164 3869; x_wconf 74' lang='lat' dir='ltr'><strong>dr</strong></span> 
     </span>
     <span class='ocr_line' id='line_1_32' title="bbox 133 3891 1163 3966; baseline 0.003 -23"><span class='ocrx_word' id='word_1_249' title='bbox 133 3891 369 3961; x_wconf 81' lang='lat' dir='ltr'><strong>Hermaphroditus</strong></span> <span class='ocrx_word' id='word_1_250' title='bbox 376 3894 454 3947; x_wconf 85' lang='lat' dir='ltr'><strong>etiam</strong></span> <span class='ocrx_word' id='word_1_251' title='bbox 464 3895 635 3949; x_wconf 83' lang='lat' dir='ltr'><strong>artificesan-</strong></span> <span class='ocrx_word' id='word_1_252' title='bbox 684 3894 767 3946; x_wconf 90' lang='lat' dir='ltr'><strong>tonin.</strong></span> <span class='ocrx_word' id='word_1_253' title='bbox 779 3894 914 3962; x_wconf 85' lang='lat' dir='ltr'><strong>Bacchus,</strong></span> <span class='ocrx_word' id='word_1_254' title='bbox 931 3907 1022 3949; x_wconf 84' lang='lat' dir='ltr'><strong>sumta</strong></span> <span class='ocrx_word' id='word_1_255' title='bbox 1031 3894 1163 3966; x_wconf 74' lang='lat' dir='ltr'><strong>poetetr</strong></span> 
     </span>
     <span class='ocr_line' id='line_1_33' title="bbox 133 3968 1164 4044; baseline 0.006 -26"><span class='ocrx_word' id='word_1_256' title='bbox 133 3968 196 4036; x_wconf 90' lang='lat' dir='ltr'><strong>tiqui</strong></span> <span class='ocrx_word' id='word_1_257' title='bbox 205 3980 397 4039; x_wconf 82' lang='lat' dir='ltr'><strong>expresserunt,</strong></span> <span class='ocrx_word' id='word_1_258' title='bbox 406 3982 436 4023; x_wconf 91' lang='lat' dir='ltr'><strong>ut</strong></span> <span class='ocrx_word' id='word_1_259' title='bbox 443 3972 569 4044; x_wconf 84' lang='lat' dir='ltr'><strong>Polycles,</strong></span> <span class='ocrx_word' id='word_1_260' title='bbox 579 3991 635 4025; x_wconf 91' lang='lat' dir='ltr'><strong>auc·</strong></span> <span class='ocrx_word' id='word_1_261' title='bbox 683 3988 743 4036; x_wconf 88' lang='lat' dir='ltr'><strong>ma,</strong></span> <span class='ocrx_word' id='word_1_262' title='bbox 757 3970 895 4042; x_wconf 77' lang='lat' dir='ltr'><strong>Minyadas</strong></span> <span class='ocrx_word' id='word_1_263' title='bbox 907 3971 1041 4039; x_wconf 86' lang='lat' dir='ltr'><strong>bortatur,</strong></span> <span class='ocrx_word' id='word_1_264' title='bbox 1055 3968 1164 4027; x_wconf 69' lang='lat' dir='ltr'><strong>urtettu</strong></span> 
     </span>
     <span class='ocr_line' id='line_1_34' title="bbox 132 4048 1164 4121; baseline 0.007 -23"><span class='ocrx_word' id='word_1_265' title='bbox 132 4057 188 4100; x_wconf 87' lang='lat' dir='ltr'><strong>tore</strong></span> <span class='ocrx_word' id='word_1_266' title='bbox 202 4048 302 4114; x_wconf 83' lang='lat' dir='ltr'><strong>Plinio,</strong></span> <span class='ocrx_word' id='word_1_267' title='bbox 319 4064 421 4114; x_wconf 77' lang='lat' dir='ltr'><strong>xxm,</strong></span> <span class='ocrx_word' id='word_1_268' title='bbox 437 4063 499 4121; x_wconf 79' lang='lat' dir='ltr'><strong>rqet</strong></span> <span class='ocrx_word' id='word_1_269' title='bbox 509 4072 548 4105; x_wconf 85' lang='lat' dir='ltr'><strong>ao.</strong></span> <span class='ocrx_word' id='word_1_270' title='bbox 561 4054 592 4107; x_wconf 91' lang='lat' dir='ltr'><strong>ln</strong></span> <span class='ocrx_word' id='word_1_271' title='bbox 604 4052 634 4105; x_wconf 85' lang='lat' dir='ltr'><strong>iis</strong></span> <span class='ocrx_word' id='word_1_272' title='bbox 683 4048 742 4100; x_wconf 86' lang='lat' dir='ltr'><strong>Deo</strong></span> <span class='ocrx_word' id='word_1_273' title='bbox 760 4048 873 4102; x_wconf 87' lang='lat' dir='ltr'><strong>bonores</strong></span> <span class='ocrx_word' id='word_1_274' title='bbox 892 4050 1029 4117; x_wconf 79' lang='lat' dir='ltr'><strong>habeant;</strong></span> <span class='ocrx_word' id='word_1_275' title='bbox 1047 4051 1164 4104; x_wconf 65' lang='lat' dir='ltr'><strong>adrem·</strong></span> 
     </span>
     <span class='ocr_line' id='line_1_35' title="bbox 131 4121 1165 4200; baseline 0.012 -28"><span class='ocrx_word' id='word_1_276' title='bbox 131 4121 283 4191; x_wconf 83' lang='lat' dir='ltr'><strong>dignitatem</strong></span> <span class='ocrx_word' id='word_1_277' title='bbox 301 4125 401 4177; x_wconf 86' lang='lat' dir='ltr'><strong>virilem</strong></span> <span class='ocrx_word' id='word_1_278' title='bbox 419 4140 633 4200; x_wconf 84' lang='lat' dir='ltr'><strong>venustatemque</strong></span> <span class='ocrx_word' id='word_1_279' title='bbox 682 4129 749 4181; x_wconf 89' lang='lat' dir='ltr'><strong>tibus</strong></span> <span class='ocrx_word' id='word_1_280' title='bbox 762 4128 824 4195; x_wconf 86' lang='lat' dir='ltr'><strong>illis,</strong></span> <span class='ocrx_word' id='word_1_281' title='bbox 843 4131 869 4181; x_wconf 94' lang='lat' dir='ltr'><strong>in</strong></span> <span class='ocrx_word' id='word_1_282' title='bbox 889 4128 1015 4197; x_wconf 88' lang='lat' dir='ltr'><strong>leonem,</strong></span> <span class='ocrx_word' id='word_1_283' title='bbox 1034 4140 1165 4195; x_wconf 71' lang='lat' dir='ltr'><strong>taurunqtt</strong></span> 
     </span>
     <span class='ocr_line' id='line_1_36' title="bbox 130 4198 1166 4279; baseline 0.015 -31"><span class='ocrx_word' id='word_1_284' title='bbox 130 4198 286 4254; x_wconf 85' lang='lat' dir='ltr'><strong>muliebrem</strong></span> <span class='ocrx_word' id='word_1_285' title='bbox 295 4202 402 4255; x_wconf 86' lang='lat' dir='ltr'><strong>miscere</strong></span> <span class='ocrx_word' id='word_1_286' title='bbox 413 4206 581 4261; x_wconf 85' lang='lat' dir='ltr'><strong>conabantur.</strong></span> <span class='ocrx_word' id='word_1_287' title='bbox 589 4209 633 4261; x_wconf 87' lang='lat' dir='ltr'><strong>Vi·</strong></span> <span class='ocrx_word' id='word_1_288' title='bbox 681 4217 810 4272; x_wconf 81' lang='lat' dir='ltr'><strong>mutatus,</strong></span> <span class='ocrx_word' id='word_1_289' title='bbox 824 4218 850 4260; x_wconf 92' lang='lat' dir='ltr'><strong>et</strong></span> <span class='ocrx_word' id='word_1_290' title='bbox 860 4206 915 4260; x_wconf 87' lang='lat' dir='ltr'><strong>aliis</strong></span> <span class='ocrx_word' id='word_1_291' title='bbox 923 4208 1050 4279; x_wconf 84' lang='lat' dir='ltr'><strong>prodigiis</strong></span> <span class='ocrx_word' id='word_1_292' title='bbox 1060 4230 1087 4263; x_wconf 85' lang='lat' dir='ltr'><strong>se</strong></span> <span class='ocrx_word' id='word_1_293' title='bbox 1099 4208 1166 4262; x_wconf 67' lang='lat' dir='ltr'><strong>Bw</strong></span> 
     </span>
     <span class='ocr_line' id='line_1_37' title="bbox 130 4272 1166 4361; baseline 0.017 -37"><span class='ocrx_word' id='word_1_294' title='bbox 130 4272 162 4325; x_wconf 89' lang='lat' dir='ltr'><strong>de</strong></span> <span class='ocrx_word' id='word_1_295' title='bbox 172 4275 325 4331; x_wconf 80' lang='lat' dir='ltr'><strong>Winlrelm.</strong></span> <span class='ocrx_word' id='word_1_296' title='bbox 337 4279 373 4332; x_wconf 88' lang='grc' dir='ltr'><strong>Η.</strong></span> <span class='ocrx_word' id='word_1_297' title='bbox 388 4278 421 4330; x_wconf 84' lang='grc' dir='ltr'><strong>Α.</strong></span> <span class='ocrx_word' id='word_1_298' title='bbox 433 4299 456 4347; x_wconf 87' lang='lat' dir='ltr'><strong>p.</strong></span> <span class='ocrx_word' id='word_1_299' title='bbox 467 4281 507 4348; x_wconf 86' lang='lat'><strong>37.</strong></span> <span class='ocrx_word' id='word_1_300' title='bbox 519 4286 632 4339; x_wconf 77' lang='lat' dir='ltr'><strong>Formam</strong></span> <span class='ocrx_word' id='word_1_301' title='bbox 680 4289 801 4341; x_wconf 85' lang='lat' dir='ltr'><strong>ostendit.</strong></span> <span class='ocrx_word' id='word_1_302' title='bbox 812 4288 910 4359; x_wconf 85' lang='lat' dir='ltr'><strong>Signa,</strong></span> <span class='ocrx_word' id='word_1_303' title='bbox 923 4310 984 4358; x_wconf 75' lang='lat' dir='ltr'><strong>quse</strong></span> <span class='ocrx_word' id='word_1_304' title='bbox 996 4291 1039 4345; x_wconf 88' lang='lat' dir='ltr'><strong>hic</strong></span> <span class='ocrx_word' id='word_1_305' title='bbox 1051 4295 1102 4361; x_wconf 82' lang='lat' dir='ltr'><strong>jam</strong></span> <span class='ocrx_word' id='word_1_306' title='bbox 1111 4302 1166 4342; x_wconf 72' lang='lat' dir='ltr'><strong>tou·</strong></span> 
     </span>
     <span class='ocr_line' id='line_1_38' title="bbox 128 4351 1165 4438; baseline 0.023 -38"><span class='ocrx_word' id='word_1_307' title='bbox 128 4352 249 4438; x_wconf 47' lang='lat' dir='ltr'><strong>duplicem</strong></span> <span class='ocrx_word' id='word_1_308' title='bbox 257 4351 423 4407; x_wconf 83' lang='lat' dir='ltr'><strong>illiellinxere</strong></span> <span class='ocrx_word' id='word_1_309' title='bbox 434 4360 554 4413; x_wconf 75' lang='lat' dir='ltr'><strong>mammis</strong></span> <span class='ocrx_word' id='word_1_310' title='bbox 562 4372 588 4414; x_wconf 87' lang='lat' dir='ltr'><strong>et</strong></span> <span class='ocrx_word' id='word_1_311' title='bbox 596 4365 631 4416; x_wconf 84' lang='lat' dir='ltr'><strong>vi·</strong></span> <span class='ocrx_word' id='word_1_312' title='bbox 679 4378 873 4432; x_wconf 86' lang='lat' dir='ltr'><strong>memorantur,</strong></span> <span class='ocrx_word' id='word_1_313' title='bbox 886 4386 993 4437; x_wconf 76' lang='lat' dir='ltr'><strong>propria</strong></span> <span class='ocrx_word' id='word_1_314' title='bbox 1004 4381 1067 4423; x_wconf 91' lang='lat' dir='ltr'><strong>sunt</strong></span> <span class='ocrx_word' id='word_1_315' title='bbox 1079 4364 1165 4423; x_wconf 67' lang='lat' dir='ltr'><strong>flach·</strong></span> 
     </span>
     <span class='ocr_line' id='line_1_39' title="bbox 128 4426 1166 4517; baseline 0.016 -40"><span class='ocrx_word' id='word_1_316' title='bbox 128 4426 236 4493; x_wconf 78' lang='lat' dir='ltr'><strong>rabbus,</strong></span> <span class='ocrx_word' id='word_1_317' title='bbox 252 4427 356 4497; x_wconf 82' lang='lat' dir='ltr'><strong>reliquis</strong></span> <span class='ocrx_word' id='word_1_318' title='bbox 368 4441 455 4484; x_wconf 87' lang='lat' dir='ltr'><strong>autem</strong></span> <span class='ocrx_word' id='word_1_319' title='bbox 465 4437 588 4492; x_wconf 85' lang='lat' dir='ltr'><strong>membris</strong></span> <span class='ocrx_word' id='word_1_320' title='bbox 597 4439 630 4493; x_wconf 88' lang='lat' dir='ltr'><strong>ad</strong></span> <span class='ocrx_word' id='word_1_321' title='bbox 681 4442 721 4495; x_wconf 89' lang='lat' dir='ltr'><strong>Cs.</strong></span> <span class='ocrx_word' id='word_1_322' title='bbox 735 4444 776 4498; x_wconf 92' lang='lat' dir='ltr'><strong>lll</strong></span> <span class='ocrx_word' id='word_1_323' title='bbox 787 4483 795 4511; x_wconf 91' lang='lat'><strong>,</strong></span> <span class='ocrx_word' id='word_1_324' title='bbox 808 4444 858 4509; x_wconf 78' lang='lat'><strong>564</strong></span> <span class='ocrx_word' id='word_1_325' title='bbox 873 4464 928 4514; x_wconf 89' lang='lat' dir='ltr'><strong>sqq.</strong></span> <span class='ocrx_word' id='word_1_326' title='bbox 941 4474 976 4488; x_wconf 89' lang='lat'><em>-</em></span> <span class='ocrx_word' id='word_1_327' title='bbox 992 4451 1081 4517; x_wconf 61' lang='grc' dir='ltr'><strong>ὕψι,</strong></span> <span class='ocrx_word' id='word_1_328' title='bbox 1094 4438 1166 4499; x_wconf 79' lang='lat' dir='ltr'><strong>lanifi-</strong></span> 
     </span>
    </p>
   </div>
   <div class='ocr_carea' id='block_1_5' title="bbox 0 0 1336 5092">
    <p class='ocr_par' dir='ltr' id='par_1_8' title="bbox 0 0 1336 5092">
     <span class='ocr_line' id='line_1_40' title="bbox 0 0 1336 5092; baseline 0 5"><span class='ocrx_word' id='word_1_329' title='bbox 0 0 1336 5092; x_wconf 95' lang='lat' dir='ltr'><strong> </strong></span> 
     </span>
    </p>
   </div>
  </div>
 </body>
</html>
