2662 5092
240 683 308 749 DE
338 681 508 748 OPERE
536 679 1051 754 METAMORPHOSEON.
1135 714 1175 784 19

114 866 156 881 -
176 823 244 909 Vi,
268 845 445 921 192sqq.‚
468 818 577 893 Niobe
596 820 743 921 quinque
761 819 912 897 formulis
928 843 1025 921 urget
1040 825 1122 921 hoc,
1140 860 1176 907 se

109 957 298 1032 liberorum
315 981 453 1027 numero
471 955 607 1028 Latonae
630 973 792 1055 prestare.
820 998 858 1012 —
876 959 961 1048 vlt,
995 985 1061 1061 179
1077 990 1174 1065 sqq.‚

111 1093 218 1164 Luna
228 1115 341 1162 comuu
350 1102 414 1163 tota
430 1101 551 1176 coeunt,
566 1086 828 1188 effictitntorbem,
843 1091 915 1193 ipsa
926 1091 1176 1193 plem'sstinasul·

113 1241 181 1320 get,
195 1239 230 1296 et
241 1220 341 1295 soleilu
351 1220 480 1320 imagine
496 1238 622 1321 spectat
634 1226 896 1311 terram-XII,
912 1224 1060 1328 46sqq.,
1077 1232 1176 1307 Fama

112 1355 305 1456 totasnmi,
327 1381 417 1428 voces
430 1352 538 1454 refert,
557 1355 645 1429 iterat
655 1355 739 1457 quod
748 1356 853 1443 aaut,
869 1359 975 1433 Nullo
986 1362 1069 1462 quies
1079 1364 1174 1457 intus,

112 1491 259 1592 nullaque
276 1488 394 1563 utem
404 1503 504 1589 porte.
524 1488 634 1562 Miror
644 1491 754 1591 itaque
769 1491 932 1580 Criticos‚
948 1494 1005 1594 qui
1016 1494 1069 1570 his
1082 1515 1116 1571 et
1130 1517 1195 1585 tn-¹

114 1626 205 1699 libus
214 1653 284 1698 non
296 1622 415 1697 offensi
426 1641 546 1712 essent,
558 1651 672 1698 versus
684 1653 827 1700 resecare
838 1626 993 1715 voluisse,
1006 1628 1042 1701 in
1054 1630 1178 1731 quibus

112 1758 222 1833 multo
231 1760 341 1833 minus
348 1758 585 1847 redundantiae,
596 1775 634 1832 ut
645 1759 739 1846 vlll,
754 1758 798 1859 87
809 1788 818 1847 ;
830 1759 890 1832 uhi
899 1778 979 1861 post
989 1763 1179 1865 verbaproe-

15 1894 24 1913 “
110 1892 215 1994 daque
224 1894 323 1994 potita
337 1891 471 1993 nefando
487 1892 639 1993 sequitur
654 1920 768 1967 versus
786 1894 925 1968 Heinsio
945 1896 1176 1996 improbatus:

200 2070 269 2129 Fert
282 2089 373 2130 secun
384 2069 509 2152 spolium
520 2069 651 2146 sceleris,
664 2091 870 2155 progressaque
883 2087 981 2155 porta,
992 2088 1047 2137 etc.

111 2247 210 2322 Talia
234 2246 321 2320 bene
341 2243 445 2319 multe
465 2249 713 2322 commemorari
730 2268 877 2350 possent.
910 2293 949 2307 -
980 2253 1073 2355 Saepe
1091 2257 1179 2330 enim

113 2383 209 2455 otiose
224 2378 386 2454 nonnulla
400 2380 554 2500 subjicit,
571 2399 605 2455 et
619 2382 785 2456 interdum
801 2384 881 2457 satis
898 2385 1047 2484 Iunguriie.
1063 2431 1102 2444 -
1116 2392 1177 2462 Ill.

120 2514 217 2615 715,
234 2515 319 2589 bene
335 2514 442 2603 dixit,
458 2516 517 2588 ruit
532 2517 628 2589 omnt's
644 2516 675 2587 in
694 2545 785 2589 unum
807 2517 916 2590 Turba
917 2517 1050 2617 fitteris,
1077 2522 1179 2595 modo

117 2679 164 2724 ne
179 2649 366 2738 addidisset
378 2665 493 2724 cuncta
507 2664 792 2751 coeuntcunctoepue
807 2655 1080 2752 sequuntur-ll,
1100 2652 1177 2741 168,

114 2784 208 2860 sotis
225 2785 302 2886 equi
330 2769 422 2858 ruunt
442 2786 601 2886 tn'tumpue
624 2785 796 2886 relinquunt
815 2784 966 2885 Spatium
995 2787 1071 2861 ttoc
1100 2787 1179 2861 satis

113 2919 250 3007 fuisset;
268 2919 326 2993 set
343 2919 455 3019 inepte
473 2921 597 3021 pergit,
615 2947 692 3004 nec,
721 2947 779 3021 quo
790 2921 901 3020 prtits‘,
923 2919 1027 2992 ordine
1047 2936 1177 2994 currunt.

115 3054 203 3141 Ubi,
221 3054 281 3141 lv,
300 3050 388 3140 300,
401 3052 525 3127 fontem
538 3053 661 3128 clarum
674 3054 754 3128 satis
766 3054 1001 3153 descripserat,
1012 3081 1081 3127 non
1095 3071 1178 3143 erat,

115 3217 176 3262 eur
187 3187 339 3276 adderet,
346 3188 523 3289 perspicuus
537 3188 637 3288 [ipim
646 3203 699 3262 est.
713 3187 829 3286 Quid?
844 3189 905 3276 XI,
918 3186 998 3288 519,
1010 3204 1088 3288 post
1099 3187 1180 3261 hor·

116 3319 219 3395 reuda
237 3323 443 3423 tempestatis
460 3320 677 3424 phaenomena
689 3339 820 3410 monet,
837 3322 909 3395 vela
924 3320 1082 3396 madur'sse.
1101 3324 1180 3397 Non

122 3454 225 3550 igitur
234 3473 325 3543 erat,
338 3484 398 3529 cur
407 3456 576 3545 Heinsius,
586 3458 662 3545 vll,
678 3456 758 3558 527,
773 3456 950 3557 verbapuoe
960 3456 1044 3530 victu
1044 3456 1177 3559 jacebat,

120 3606 159 3663 ut
174 3590 281 3665 otiosa
299 3607 335 3663 et
346 3588 501 3686 languida
511 3609 590 3693 post
604 3591 792 3693 superiora,
805 3588 912 3664 deleta
922 3589 1043 3664 mallet.
1058 3591 1181 3665 Intern-

119 3725 242 3823 pestire
252 3726 352 3801 etiarn
363 3725 493 3813 inserit,
507 3754 580 3826 quae
591 3725 745 3799 brevitati
759 3741 792 3798 et
802 3725 1028 3827 perspicuitati
1044 3725 1179 3797 obsunt

123 3861 223 3948 -IV‚
243 3858 397 3961 616-19,
417 3860 556 3934 Perseus
575 3888 676 3961 super
690 3859 832 3958 Libycas
845 3859 969 3960 pendet
979 3887 1113 3947 arenas,
1128 3877 1180 3949 et,

123 3991 209 4080 626,
224 3995 379 4068 consistit
394 3995 428 4066 in
445 4023 548 4089 regno
561 3992 718 4067 Atlantis.
734 3993 859 4064 Versus
872 3992 974 4087 igitur
985 3990 1131 4082 620-25,
1146 3993 1181 4065 in

126 4125 242 4224 quibus
257 4127 323 4201 huc
335 4145 368 4201 et
383 4126 478 4217 illuc,
493 4128 534 4201 ad
552 4130 673 4200 Arctos
687 4126 773 4200 etad
786 4126 949 4200 Cancrum
959 4125 1059 4214 volat,
1074 4124 1180 4200 alieno

127 4255 195 4333 ioco
210 4261 383 4361 interjecti.
403 4263 489 4335 Sunt
507 4259 725 4347 contrahes,
743 4261 777 4332 in
794 4259 915 4361 quibus
927 4262 1018 4333 nrimb
1034 4259 1183 4334 brevitatis

131 4394 218 4469 studio
232 4398 342 4473 fuctus
355 4414 404 4470 est
420 4396 600 4470 obscurior.
619 4396 670 4467 Eo
682 4394 783 4482 vitio,
802 4397 833 4481 l,
862 4422 1036 4494 170sqq.,
1054 4390 1183 4464 laborat
