2662 5092
731 62 737 77 .
788 72 791 77 ,

338 39 1244 347 n

136 769 174 854 14
513 767 800 836 rnnrtrro

128 908 193 982 tori
209 925 373 995 crearent,
397 907 618 1008 pugnantium
643 908 804 1008 patriam,
828 905 1002 992 habitum,
1023 921 1191 995 conatus,

129 1038 278 1128 vulnera,
296 1056 420 1114 mortes
440 1039 580 1114 maxima
603 1040 758 1114 varietate
783 1037 1039 1140 descripserunt.
1069 1039 1195 1113 Noster

130 1173 244 1269 igitur,
258 1201 361 1273 quum
375 1172 515 1246 Perseus
529 1189 562 1245 et
573 1171 723 1246 Theseus
737 1171 780 1245 ab
792 1199 831 1244 eo
845 1168 1054 1272 producendi
1067 1187 1194 1259 essent,

133 1333 276 1407 quorum
288 1305 392 1378 virtus
403 1305 502 1378 etiam
513 1304 549 1376 in
561 1303 684 1405 preliis
700 1303 878 1391 enituerat,
890 1330 951 1383 nec
961 1302 1031 1377 baee
1040 1302 1083 1376 ab
1095 1330 1196 1405 opere

132 1437 283 1511 snoVet
292 1437 360 1509 Xll
372 1436 487 1510 abesse
499 1434 617 1523 voluit,
629 1464 748 1536 easque
758 1435 996 1537 descriptiones
1008 1464 1080 1509 non
1092 1435 1195 1509 modo

131 1567 166 1640 in
180 1567 336 1640 universa
348 1563 588 1663 delineatione,
606 1566 663 1638 sed
679 1567 776 1639 etiam
791 1567 826 1640 in
842 1567 1041 1669 quibusdam
1050 1566 1198 1642 bellato-

130 1700 223 1774 ribus
240 1696 399 1773 notandis
409 1697 451 1770 ad
463 1696 612 1798 exempla
625 1695 682 1769 illa
694 1698 902 1798 composuit3
919 1699 1131 1800 eamdemque
1144 1728 1199 1773 ra-

132 1832 259 1905 tionem
274 1830 373 1904 etiam
389 1829 424 1903 in
441 1829 513 1930 apri
531 1827 705 1930 Calydonii
720 1827 894 1901 venatione
908 1845 1041 1902 secutus
1054 1848 1115 1903 est.
1131 1830 1199 1905 Ce-

133 1963 328 2040 lebrabatur
340 1964 489 2037 omnium
507 1990 657 2037 sermone
676 1959 829 2036 sublimis
848 1960 903 2035 ille
924 1961 1064 2036 Homeri
1084 1961 1195 2052 locus,

133 2127 201 2199 qno
214 2098 348 2198 Jupiter
356 2123 518 2180 concusso
533 2095 639 2195 capite
651 2092 832 2195 Olympum
844 2111 973 2168 movet:
984 2093 1081 2169 talem
1095 2095 1199 2192 igitur

133 2233 251 2304 Jovem
270 2247 304 2303 et
326 2229 399 2329 ipse
416 2224 558 2300 induxit.
581 2225 689 2300 Pestis
706 2225 964 2328 descriptiones,
988 2254 1085 2328 quas,
1103 2227 1199 2301 Thu-

134 2359 251 2463 cydide
267 2377 453 2463 praeeunte,
472 2359 647 2433 Lucretius
660 2375 759 2459 atque
771 2357 934 2453 Virgilius
951 2358 1124 2447 dederant,
1140 2389 1201 2434 cu·

136 2492 214 2594 pide
238 2490 280 2565 ab
298 2491 454 2566 omnibus
470 2489 684 2586 legebantnr3
702 2489 802 2564 simili
817 2490 921 2586 igitur
935 2489 1028 2579 loco,
1046 2507 1200 2566 auctores

135 2622 214 2698 illos
231 2622 411 2718 effingens,
434 2650 531 2695 suum
555 2650 689 2722 quoque
716 2648 802 2723 opus
822 2622 959 2695 ornavit.
990 2625 1108 2723 Neque
1123 2622 1200 2697 inde

136 2753 378 2856 Polyphemum
401 2752 516 2827 abesse
539 2751 661 2840 voluit,
680 2753 723 2826 ab
741 2755 888 2827 Homero
909 2770 943 2827 et
957 2752 1100 2849 Virgilio
1118 2752 1200 2828 loeis

136 2885 327 2982 insignibus
338 2902 500 2958 notatum.
516 2884 676 2958 Similiter
690 2886 725 2958 in
741 2886 879 2981 magicis
891 2887 991 2960 rebus
1002 2875 1201 2961 venarrandis

137 3018 334 3105 Horatium,
347 3016 542 3112 Virgilium,
560 3034 594 3090 et
604 3016 794 3106 Tibullum,
811 3017 847 3090 in
859 3019 959 3093 variis
971 3019 1126 3093 cetatibns
1138 3018 1201 3092 bos

138 3151 224 3225 dnos
238 3168 440 3251 postremos,
455 3165 489 3221 et
501 3149 687 3223 Hesiodum
701 3149 858 3251 respexit.
875 3151 929 3225 Ad
941 3151 1074 3247 Virgilii
1086 3169 1202 3225 aucto·

139 3283 270 3356 ritatem
287 3281 386 3355 etiam
408 3278 537 3380 Orphei
553 3309 593 3354 ex
611 3281 774 3382 Eurydice
791 3280 936 3370 luctum,
958 3283 1105 3357 Junonis
1122 3283 1204 3357 soli-

140 3410 273 3512 loquia,
299 3427 332 3484 et
347 3410 541 3484 descensum
558 3425 623 3484 tam
639 3413 681 3485 ad
697 3413 788 3485 Deos
800 3413 961 3500 marinos,
980 3441 1079 3513 quam
1095 3412 1138 3486 ad
1152 3413 1203 3486 in·

138 3541 239 3629 seros,
256 3540 595 3644 inferorumipsomm
608 3542 871 3631 delineationem,
883 3545 1028 3617 Deamm
1042 3544 1203 3619 transsor·

140 3673 319 3760 mationes,
334 3674 457 3774 quibus
468 3673 605 3749 fallendi
617 3703 714 3749 causa
724 3673 843 3748 anilem
851 3673 990 3749 sormam
1004 3692 1203 3764 sumserant‚

140 3804 317 3879 fulminum
333 3807 426 3880 Jovis
445 3808 738 3909 compositionem,
754 3806 844 3879 canis
867 3807 1008 3880 venatici
1034 3807 1071 3880 in
1092 3806 1205 3909 lepore

141 3940 373 4042 persequendo
386 3940 607 4030 velocitatem,
625 3940 747 4015 multas
760 3940 995 4016 similitudines
1008 3944 1206 4018 sententias-

139 4101 204 4173 que
225 4074 422 4174 composuit.
442 4076 482 4146 In
498 4071 623 4146 diluvio
637 4072 861 4147 Deucalioneo
877 4072 980 4148 lineas
994 4075 1155 4175 quasdam
1167 4105 1207 4149 ex

142 4208 286 4281 Horatio
300 4208 413 4295 duxit,
426 4206 642 4306 eumdemque
655 4206 797 4294 effinxit,
813 4237 916 4309 quum
928 4209 994 4282 vim
1010 4226 1127 4284 cantus
1142 4212 1209 4283 Or·

142 4337 235 4438 phici
251 4338 341 4439 apud
358 4337 482 4410 inferos
499 4335 642 4410 referret.
663 4338 750 4411 Sunt
764 4358 798 4414 et
811 4340 873 4413 alia
891 4340 978 4425 loca,
997 4341 1032 4412 in
1052 4341 1209 4440 quibusa

143 4471 299 4544 Lucretio
323 4487 421 4570 atque
444 4466 582 4541 Tibullo
605 4470 775 4569 pependit.
804 4474 844 4543 ln
869 4473 1011 4544 carmine
1031 4472 1208 4570 pastoritio
