2662 5092
203 752 269 819 uu
299 750 470 817 oanan
504 747 1027 854 Mrrnmoaauosrou.
1124 760 1143 827 a

81 891 298 980 atasincerta,
308 889 441 990 scripsit
450 880 594 988 Ετεροίων
603 891 1145 996 didisse,Collc'stheoesOIynthins,

81 1024 270 1100 Aristotelis
287 1022 442 1112 auditor,
464 1033 733 1125 Μεταμορφώσεις,
753 1027 931 1126 Antigonus
953 1029 1144 1130 Carystius,

82 1174 226 1259 tempore
244 1154 416 1230 Ptolemaei
440 1155 671 1258 Philadelphi,
695 1147 887 1247 Ᾱὶλοιώσεις,
901 1159 1063 1234 Nicander
1084 1163 1147 1235 At-

84 1288 147 1362 talo
163 1292 199 1363 ll
215 1287 352 1390 aequalis
374 1280 607 1387 Erepocodpevoe,
631 1306 665 1364 et
676 1290 862 1366 Parthenius
886 1300 1146 1392 Μεταμορφώσεις.

84 1421 185 1495 Eram
209 1422 331 1511 etiam,
350 1421 408 1522 qni
438 1439 564 1495 certum
592 1421 657 1494 sibi
684 1421 1011 1498 transformationem
1042 1454 1146 1520 genus

85 1551 302 1628 enarrandum
320 1570 508 1642 sumerent,
538 1553 574 1625 iu
590 1553 714 1654 quibus
731 1555 859 1640 Boeus,
891 1555 985 1654 cujus
999 1557 1148 1630 omitho-

87 1688 181 1782 gonia
197 1684 236 1759 id
251 1686 387 1781 agebat,
406 1703 446 1758 ut
462 1712 537 1759 aves
554 1712 670 1759 omues
687 1685 789 1760 iactas
811 1713 882 1760 esse
899 1714 939 1761 ex
956 1686 1148 1762 hominihus

88 1816 281 1891 ostenderet.
301 1823 320 1858 *

131 1947 199 2021 Sed
224 1945 330 2019 multo
352 1946 459 2046 majos
480 1946 794 2048 memorabiliusque
820 1974 908 2048 opus
936 1947 1073 2023 molitus
1098 1968 1148 2024 est

90 2075 228 2151 Ouidio.
251 2079 285 2150 Is
301 2077 387 2150 enim
405 2095 493 2152 recte
509 2078 609 2168 vidit,
626 2077 750 2152 fabulis
770 2076 837 2151 illis
859 2078 896 2150 in
914 2107 948 2152 se
967 2080 1145 2169 tenuibus,

87 2238 234 2306 magnam
248 2211 347 2283 etiam
364 2225 493 2310 partem
508 2210 631 2310 ineptis
657 2227 755 2311 atque
781 2210 954 2300 absurdis,
978 2211 1150 2288 illecebras

47 2416 52 2431 ‚
88 2343 1151 2444 esseconciliandasapoeseosornamentis,acollectioueearnm,

90 2476 153 2549 uisi
168 2477 335 2564 omnium,
355 2491 442 2549 certe
458 2473 697 2576 plurimarum,
720 2474 756 2545 in
775 2501 880 2547 unum
903 2502 1052 2574 corpus,
1077 2495 1111 2551 et
1133 2505 1151 2550 a

91 2605 244 2681 laudibus
260 2609 409 2681 Deorum
425 2606 630 2707 heroumque
645 2603 864 2704 interpositis.
877 2603 915 2677 ld
933 2621 1041 2679 autem
1060 2623 1152 2680 tanto

90 2736 223 2833 ingenio
240 2755 398 2837 tantaque
415 2754 485 2810 arte
501 2735 631 2822 effecit,
649 2751 690 2808 ut
700 2733 890 2808 suavissime
902 2734 1068 2809 bonarum
1080 2735 1155 2811 lite·

88 2897 195 2943 ramm
215 2867 388 2942 studiosos
410 2866 452 2940 ad
468 2865 751 2966 metamorphoses
764 2866 1018 2961 cognoscendas
1033 2865 1152 2941 inritet

40 3055 42 3059 -
89 3017 281 3100 teneatque3
299 2999 380 3101 qnin
393 2997 491 3086 adeo,
508 3016 566 3085 ut,
583 2997 768 3071 eonomine
783 2995 916 3086 audito,
935 2997 1077 3072 Ovidius
1088 3015 1156 3073 sta·

90 3134 161 3222 tim,
176 3151 336 3232 tanquam
349 3159 437 3204 unus
450 3158 562 3204 aarum
575 3145 708 3218 auctor,
722 3134 882 3203 occurrit.
895 3128 1045 3217 Etenim,
1060 3128 1153 3231 qnod

90 3265 233 3365 primum
248 3282 314 3351 est,
328 3264 522 3336 innumeros
538 3260 640 3360 hujus
649 3260 779 3358 generis
792 3260 944 3362 mythos,
962 3278 1045 3362 quot
1057 3290 1154 3337 nemo

92 3397 172 3473 lorte
189 3417 268 3473 ante
286 3424 378 3483 eum,
394 3396 544 3496 nudique
562 3395 735 3497 decerptos
753 3393 898 3490 collegit
917 3397 1034 3495 Neque
1055 3425 1155 3497 opera

93 3531 162 3629 ejus
175 3531 265 3603 intra
280 3528 609 3628 metamorphoseon,
627 3554 699 3628 qnae
715 3525 851 3626 proprie
869 3525 916 3599 sic
934 3525 1102 3616 dicuntur,
1114 3527 1159 3601 li·

91 3661 186 3736 mites
213 3660 385 3746 substitit,
405 3659 463 3733 sed
486 3660 554 3732 sive
569 3657 789 3759 plenitudinis
810 3685 922 3745 causa,
943 3657 1008 3732 sire
1030 3685 1157 3732 cosmo·

93 3793 207 3882 genias
221 3792 413 3864 Graecorum
423 3789 616 3890 respiciens,
628 3788 662 3861 in
675 3787 859 3888 primordio
872 3788 983 3889 operis
997 3787 1156 3882 originem

94 3924 224 4012 mundi,
239 3923 439 3997 creationem
449 3922 611 4009 hominis,
627 3922 866 3998 successionem
881 3938 1030 4008 aetatum,
1046 3939 1157 3995 ortum

96 4055 308 4129 animantium
330 4083 370 4128 ex
388 4053 484 4142 limo,
505 4071 538 4128 et
551 4051 639 4127 libro
657 4071 803 4126 extremo
816 4050 949 4125 multae
964 4050 1160 4152 Pythagorae

98 4184 225 4284 placitis
243 4186 416 4261 adsumsit.
441 4185 539 4259 Unde
554 4213 631 4258 vero
652 4182 785 4279 singula
806 4184 970 4272 hauserit,
987 4212 1091 4282 quum
1109 4196 1165 4273 tot

127 4416 139 4442 *
154 4417 221 4471 Vide
235 4421 390 4474 thilman!
402 4419 554 4472 Commeat.
572 4419 604 4472 de
623 4418 704 4473 causis
717 4429 744 4471 et
757 4418 905 4471 auctoribus
922 4414 1106 4468 narrationum
1127 4409 1160 4464 de

102 4512 202 4565 mutatis
214 4513 315 4565 formis.
