2662 5092
267 760 782 834 METAMORPHOSEON
811 761 906 829 LIB.
936 761 1029 828 VII.
1114 759 1173 843 541

123 907 266 978 Dextera
283 902 379 976 caedis
397 917 467 973 erat
481 929 489 985 ;
507 899 695 999 repetebam
707 897 812 991 frigus
829 914 861 969 et
877 897 1033 985 umbras,

122 1022 186 1108 Et,
207 1046 278 1119 qua
296 1016 335 1089 de
354 1014 471 1111 gelidis
484 1013 619 1088 balabat
633 1011 790 1099 vallibus,
807 1034 927 1085 auram.
1133 1036 1182 1087 81«,

122 1139 215 1208 Aura
231 1134 406 1235 petebatur
422 1129 532 1203 medio
546 1129 629 1202 mibi
646 1128 729 1202 lenis
747 1129 781 1201 in
797 1145 878 1201 astu
894 1157 902 1214 ;

123 1255 247 1325 Auram
264 1247 492 1349 exspectabam
508 1245 662 1346 :requies
680 1262 748 1318 erat
764 1242 821 1317 illa
836 1242 953 1317 labori.

128 1400 145 1430 «
164 1367 274 1451 Aura,
292 1362 447 1436 recordor
462 1350 565 1447 enim,
580 1359 709 1447 venias,
728 1376 858 1433 cantare
874 1356 1044 1431 solebam:

128 1519 146 1549 ³>
165 1486 288 1582 Meque
304 1481 416 1579 juves,
433 1478 601 1576 intresque
618 1477 730 1562 sinus,
750 1473 952 1571 gratissima,
968 1491 1124 1550 nostros:

130 1634 147 1663 a
167 1600 279 1695 thue
289 1593 388 1678 sacis,
406 1590 548 1665 relevare
560 1588 660 1675 velis,
680 1588 803 1690 quibus
814 1587 957 1675 urimur,
971 1605 1080 1661 aestus.
1097 1623 1115 1655 »
1137 1615 1186 1667 sm

125 1712 277 1787 Forsitan
292 1708 490 1795 addiderim,
509 1707 556 1779 sic
570 1734 621 1779 me
637 1733 709 1779 mea
725 1703 792 1777 lata
809 1703 1000 1788 trahebant,

126 1828 309 1904 Blanditias
324 1824 436 1926 plures
450 1854 457 1896 ε
473 1841 524 1909 et,
541 1856 558 1886 «
574 1824 628 1895 Tu
645 1821 727 1894 mibi
740 1848 859 1915 magna
874 1818 1047 1921 voluptas,

132 1980 149 2009 »
167 1945 283 2018 Dicere
299 1942 361 2016 sim
377 1939 519 2013 solitus:
538 1957 575 2011 tu
591 1967 643 2012 me
659 1936 854 2037 reficisque,
870 1935 1049 2037 fovesque:

134 2096 150 2126 a
169 2063 222 2133 Tu
240 2059 339 2143 sacis,
359 2074 397 2129 ut
412 2054 530 2142 silvas,
546 2071 586 2126 ut
600 2082 704 2128 amem
721 2052 796 2127 loca
812 2052 904 2141 sola;
921 2081 1062 2153 meoque

135 2211 151 2240 »
172 2173 315 2274 Spiritus
330 2172 390 2244 iste
410 2187 487 2243 tuus
503 2198 631 2270 semper
648 2187 799 2271 captatur
814 2168 855 2243 ab
874 2197 939 2243 ore.
960 2204 977 2234 »
1140 2193 1192 2245 ⁸20

131 2287 281 2362 Vocibus
297 2287 465 2381 ambiguis
483 2285 651 2386 deceptam
668 2285 812 2386 praebuit
828 2313 938 2359 aurem

132 2403 253 2479 Nescio
271 2402 368 2502 quis3
387 2429 571 2500 nomenque
586 2401 684 2474 Aura
703 2417 768 2474 tam
785 2427 872 2500 saepe
884 2416 1037 2474 vocatum

134 2523 217 2595 Esse
233 2536 354 2619 putans
370 2517 552 2618 Nympha,
569 2515 757 2616 Nympham
776 2513 858 2587 mihi
874 2514 978 2587 credit
993 2517 1102 2589 amari.

138 2633 294 2708 Criminis
311 2629 476 2732 externplo
491 2631 560 2704 licti
578 2630 767 2704 temerarius
783 2647 898 2703 auctor

135 2748 273 2822 Procrin
291 2746 378 2835 adit,
397 2745 577 2846 linguaque
592 2745 692 2819 refert
710 2745 821 2818 audita
836 2773 979 2819 susurra.
1146 2767 1195 2822 825

138 2862 280 2938 Credula
295 2890 347 2936 res
363 2891 457 2936 amor
471 2879 521 2935 est
535 2890 543 2934 :
559 2861 672 2947 subito
690 2860 834 2962 collapsa
850 2861 966 2935 dolore

135 3074 182 3122 lat.
194 3069 300 3138 Vulgo,
316 3072 419 3133 certam
438 3088 468 3120 ex
479 3066 643 3136 interpreta—
724 3068 779 3139 819.
788 3068 861 3129 Sola,
874 3066 1197 3136 deserta—SpiriIumaut

136 3149 216 3200 tione.
225 3175 257 3188 -
266 3146 341 3215 Regii
354 3146 452 3212 nostri,
462 3148 574 3205 exhalat,
588 3145 643 3198 sine
690 3147 827 3198 anhelitum
835 3145 939 3199 alterius
946 3156 1051 3215 captant
1061 3148 1139 3200 etiam
1145 3148 1198 3202 col·-

137 3229 289 3280 eonsusione
307 3238 457 3296 temporum
473 3245 479 3279 :
495 3244 557 3278 nam
571 3244 645 3296 pre-
691 3223 837 3292 loquentes,
850 3224 899 3290 lV,
911 3227 1198 3293 72.-I)eceptam‚·8ixii

139 3323 197 3356 sens
208 3303 257 3356 hoe
269 3304 325 3356 loco
336 3305 459 3357 convenit
467 3303 569 3358 melius.
579 3305 629 3356 Ed.
695 3299 786 3354 Codex
799 3306 934 3363 abcedens,
953 3302 1024 3371 quod
1036 3303 1109 3356 dedit
1120 3303 1199 3359 etiam

172 3380 228 3432 813.
247 3381 337 3443 Aura,
356 3385 476 3443 recordor,
490 3393 539 3435 etr„
553 3379 645 3434 lubae
693 3379 1077 3450 Burmannus-Nescioqurh.
1092 3380 1199 3435 Secun-

140 3457 647 3526 eantilenasingulasereverbasuntam-
695 3456 759 3510 dum
777 3457 957 3530 Pherecydem
975 3459 1025 3511 suit
1043 3478 1152 3526 servus,
1169 3479 1200 3513 er

141 3533 231 3602 bigna,
247 3545 404 3602 possuntque
418 3546 444 3587 et
456 3535 488 3587 de
502 3554 564 3588 aura
576 3545 602 3588 et
614 3534 647 3588 de
696 3554 748 3603 quo
763 3534 794 3586 de
808 3535 903 3588 marito
915 3537 1019 3589 Procris
1034 3537 1158 3606 quesivit.
1168 3567 1201 3578 -

142 3611 226 3679 puella
242 3611 306 3680 capi.
322 3609 440 3681 Drering.
456 3612 484 3664 iu
504 3611 559 3665 Eel.
575 3613 648 3665 veo.
696 3613 878 3678 Essepntans5
890 3614 972 3666 nostri
985 3614 1061 3684 Regii
1070 3654 1078 3681 ,
1091 3634 1201 3682 essepu-

143 3699 211 3756 poet.
224 3686 255 3740 ad
267 3686 410 3755 Ovidium,
424 3689 481 3741 Art.
495 3689 581 3741 Amat.
590 3689 647 3758 Ill,
696 3694 749 3750 lat,
766 3708 839 3757 eque
851 3691 927 3743 bene.

144 3777 227 3836 putat,
235 3774 297 3842 assa
303 3766 505 3836 pronunciatum
513 3788 568 3823 esse
575 3760 648 3844 depe,
729 3771 785 3834 824.
794 3772 896 3830 Auctor,
907 3769 1031 3834 nuncius,
1040 3769 1133 3837 next,
1144 3768 1202 3822 bbh.

144 3862 198 3912 quo
215 3844 324 3897 nomine
341 3845 486 3898 concubina
504 3856 595 3899 notata
608 3848 649 3899 sit.
700 3845 861 3914 Quanquam
868 3845 917 3900 boc
924 3865 1022 3900 nomen
1029 3847 1079 3902 boc
1086 3848 1201 3901 loconon

145 3920 224 3990 Apud
241 3920 423 3994 Pherecydem
446 3921 577 3992 Cephalus
594 3942 649 3976 nou
698 3923 1018 3994 uisiunusGronovianus
1027 3925 1119 3985 babet,
1132 3925 1203 3980 uude

145 4000 234 4052 minus
244 4001 364 4070 ambigue
378 4003 396 4055 ὦ
408 4004 512 4073 Napitas,
528 4007 651 4076 eoepoepr'm
699 4001 796 4070 aceepit
804 3997 980 4055 Burmannus.
989 4001 1085 4056 Ceteri
1094 4002 1140 4074 (et
1148 4004 1204 4058 Re-

145 4079 299 4133 elamitabat
324 4083 356 4134 ln
375 4081 457 4134 altero
475 4083 547 4137 Artis
563 4083 650 4135 Amat.
699 4081 1086 4150 piiquoqueNostri),1'ndea,
1104 4085 1203 4138 utArt.

145 4159 219 4224 loco,
242 4162 343 4228 Quoque
358 4178 426 4213 meos
438 4164 529 4213 releves
538 4168 621 4213 estus.
631 4198 651 4214 ..
701 4162 788 4215 Amat.
802 4182 867 4234 719:
884 4163 963 4217 etiam
976 4183 1036 4216 mox
1048 4183 1123 4217 versu
1138 4165 1203 4229 833,

147 4237 305 4302 Accipienda
313 4240 378 4297 sinn,
387 4238 574 4299 stabilimen,
586 4242 651 4291 venr'.
698 4242 825 4293 r'rrde'cium.
833 4241 978 4293 —Snsurra
992 4240 1032 4293 alii
1047 4242 1205 4297 substantive

145 4315 304 4382 -Iatmque
312 4319 546 4381 sirus5ratr'ssiar05
557 4315 601 4383 qui
610 4333 653 4368 es·
700 4316 804 4384 capiunt
812 4336 989 4385 prosusnrros,
1002 4318 1043 4371 alii
1051 4323 1206 4390 curulium

147 4400 240 4458 luant,
255 4400 344 4459 peetus
358 4391 491 4460 captanda
507 4412 576 4446 aure
591 4412 654 4462 ape·
701 4394 874 4463 conjungunt.

147 4467 235 4532 riunt;
251 4468 285 4520 ibi
299 4469 371 4521 euim
381 4469 545 4539 potissimum
556 4470 653 4526 calores
735 4473 790 4525 826.
804 4473 910 4525 Credula
918 4492 1034 4526 resamor
1041 4482 1094 4541 ειη·
1105 4475 1141 4529 sie
1149 4476 1206 4528 Art

148 4549 304 4603 sentiuntur.
317 4551 365 4602 lte
704 4549 848 4616 amatttt,
862 4553 1204 4619 72020u121amaaessempn.
