2662 5092
141 727 204 794 382
421 726 460 793 P.
489 725 669 794 OVIDII
693 724 922 794 NASONIS

140 899 158 932 »
177 869 274 939 Nunc
286 894 419 966 quoque
428 866 591 940 formatus
603 867 709 968 Libys
721 885 772 942 est
784 896 860 942 cum
871 867 1033 942 comibus
1042 866 1176 956 Ammon

115 988 120 998 ’
141 1017 157 1046 n
177 980 295 1056 Delius
312 983 348 1055 in
364 994 483 1070 cor'vo;
503 982 616 1084 proles
633 980 795 1059 Semeleia
812 1011 936 1083 capro;

142 1130 158 1161 »
178 1095 255 1171 Fele
270 1125 365 1170 soror
380 1097 521 1185 Phoebi;
536 1097 630 1189 nivea
646 1097 804 1171 Saturnia
821 1125 940 1187 vacca;
1140 1121 1177 1174 tto

140 1209 272 1288 »Pisce
289 1215 404 1287 Venus
420 1212 540 1300 latuit;
562 1211 733 1314 Cyllenius
751 1212 854 1287 ibidis
871 1211 945 1287 alis.
965 1247 983 1277 o

189 1370 206 1402 «
225 1339 395 1411 Hactenus
414 1337 456 1410 ad
474 1338 632 1412 citharam
648 1336 772 1411 vocalia
787 1355 939 1442 moverat
956 1366 1023 1412 ora.

140 1460 313 1532 Poscimur
328 1458 477 1532 Aonides
492 1489 499 1532 :
515 1459 573 1532 sed
589 1459 729 1532 forsitan
747 1461 816 1533 otia
831 1489 903 1533 non
922 1477 1022 1548 suut,

137 1584 206 1656 Nec
222 1583 348 1656 nostris
365 1583 511 1682 praebere
527 1599 622 1656 vacat
638 1583 701 1655 tibi
718 1583 874 1657 cantibus
893 1611 1017 1658 aurem.
1033 1617 1050 1648 n

87 1718 91 1723 '
142 1737 158 1768 «
178 1707 228 1776 Ne
243 1704 377 1792 dubita,
394 1722 607 1805 vestrumque
618 1705 701 1778 mihi
714 1706 799 1779 refer
812 1705 931 1780 ordine
947 1734 1094 1793 carmen,
1108 1738 1124 1770 »
1143 1725 1179 1778 πᾶ

139 1825 245 1899 Pallas
262 1827 328 1913 ait;
345 1826 556 1926 nemorisque
573 1824 637 1899 levi
658 1826 808 1900 consedit
824 1828 858 1899 iu
877 1829 1009 1902 umbra.

138 1951 238 2023 Musa
254 1949 354 2023 resert
371 1981 378 2022 :
395 1983 412 2013 «
432 1947 594 2023 Dedimus
608 1979 770 2024 summam
788 1951 982 2026 certaminis
996 1952 1065 2025 uui.

137 2153 165 2205 in
178 2151 287 2204 arietem
300 2150 490 2210 commutavit;
512 2151 586 2218 eujus
605 2151 644 2204 rei
692 2153 750 2220 bus,
761 2153 850 2222 priscis
858 2152 1077 2208 Boeotiaeincolis
1085 2151 1181 2207 meten

137 2227 644 2301 argumentomest,quodJupiterAm·
694 2231 772 2283 Musa
783 2231 944 2299 abrumpere
959 2230 1183 2291 uultontiouenet

137 2328 200 2361 mou
212 2308 239 2360 in
253 2306 334 2378 Lybie
345 2305 393 2358 sub
405 2305 489 2375 ligura
503 2305 589 2359 arietis
600 2323 644 2359 co-
693 2327 753 2361 suos
766 2309 877 2361 reticere
892 2320 998 2362 centus.

136 2388 205 2440 litur.
214 2384 315 2438 Confer
321 2402 426 2436 versum
437 2404 473 2452 ¹7·
484 2384 643 2436 ffl-cum
723 2386 781 2438 335.
798 2387 894 2438 Ordine
904 2386 1002 2453 referre
1014 2387 1139 2452 dicuutur,
1151 2386 1185 2455 qui

136 2467 259 2516 cornibus.
273 2461 351 2515 Unus
364 2459 526 2530 Argentinns
538 2469 565 2512 et
576 2477 644 2512 unos
692 2480 750 2513 rem
764 2472 845 2514 totam
859 2462 923 2515 inde
941 2464 976 2516 ab
997 2464 1073 2517 initio
1082 2465 1187 2518 releruut

137 2541 256 2607 lleinsii,
277 2544 304 2591 in
323 2543 458 2599 corne'bus,
478 2535 548 2605 quod
568 2537 643 2588 Bur·
692 2539 1195 2613 Longiusigiiurcarmenauditnntd·

136 2638 235 2671 manno
255 2616 355 2670 doctius
374 2615 495 2680 videtur,
519 2632 598 2682 qoam
615 2623 644 2666 ut
690 2616 727 2671 las
745 2623 912 2672 consed1?,—
925 2622 1008 2674 Lern
1026 2626 1114 2675 ulra
1128 2622 1188 2675 οἵω

136 2719 151 2754 a
162 2697 266 2751 librario
277 2696 384 2749 indocto
399 2697 545 2764 profectum
557 2693 643 2745 luerit.
692 2695 778 2749 Tibul.
793 2697 819 2751 ll
830 2737 837 2762 ,
850 2713 886 2763 v,
900 2698 954 2769 96,
971 2700 1017 2752 ubi
1030 2699 1189 2773 lleyuiuslut

135 2775 251 2826 -Bene
259 2792 314 2825 cum
322 2775 452 2834 comibus,
468 2769 643 2840 Regiinostri.
691 2775 826 2843 epitheton
834 2776 896 2828 inde
907 2777 1038 2846 explicat,
1056 2779 1129 2849 quia,
1139 2776 1189 2831 loliis

136 2857 224 2907 Ec-
232 2856 325 2907 Corvus
335 2861 444 2921 propter
452 2849 587 2902 divinandi
595 2848 644 2901 do-
690 2865 716 2908 et
726 2854 820 2908 fronde
829 2855 923 2908 leviter
931 2857 966 2910 ab
976 2877 1044 2911 aure
1055 2857 1190 2927 montania

135 2942 189 2983 tem
203 2929 318 2999 Apollini
330 2947 409 2982 sacer.
425 2927 559 2981 Nicandro
576 2945 643 2978 auc-
689 2932 785 2985 umbra
796 2934 891 3000 micet,
905 2945 935 2987 et
945 2938 1135 2990 contremiscit
1142 2936 1191 2990 Pos-

133 3020 209 3073 tore,
227 3008 254 3059 in
267 3007 416 3075 accipitrem
429 3005 549 3071 transiit,
569 3005 643 3072 cuius
688 3010 722 3062 sis
733 3020 759 3063 et
772 3010 874 3076 dicere,
888 3012 953 3079 quia
966 3014 1067 3067 umbra
1082 3013 1149 3066 nullo
1159 3021 1189 3065 est

133 3100 209 3158 caput
222 3086 289 3157 apud
304 3086 441 3159 AEgyptios
454 3086 508 3138 Soli
525 3085 642 3137 dabatur.
690 3088 815 3156 pondere.
824 3090 947 3157 Propert.
959 3091 1021 3157 lll,
1036 3108 1076 3157 11,
1091 3114 1116 3158 t,
1126 3093 1191 3143 udis

133 3168 373 3236 -Capn'lormam
386 3163 497 3216 habebat
510 3163 639 3229 Mendes,
688 3170 775 3217 umbra
797 3168 939 3219 Heliconii.
961 3168 1130 3222 &tinctio
1143 3164 1190 3221 hl

132 3269 179 3302 seu
187 3289 195 3316 ,
204 3249 259 3300 Pan
268 3242 539 3316 AEgyptiorum.-Ab
549 3241 641 3294 iisdem
689 3245 878 3316 interpretatur
888 3256 1009 3315 gratam,
1025 3248 1188 3313 duloemster

133 3327 209 3378 Luna
217 3325 264 3376 sub
270 3323 336 3390 felis
347 3320 460 3389 imagine
468 3317 642 3370 colebatur.-
689 3325 771 3392 sieque
783 3327 831 3376 dea
843 3325 949 3392 sanflm
959 3325 1188 3381 scham-sn

137 3406 227 3455 Vaccoe
239 3418 338 3454 cornua
349 3397 460 3450 habebat
472 3394 534 3460 lsis,
548 3404 575 3446 et
591 3397 641 3447 ibis
689 3422 754 3454 mani
766 3408 926 3463 certamini,
945 3405 1107 3459 uuiversum
1122 3414 1188 3458 otro·

132 3478 281 3550 symbolum
293 3486 349 3531 erat
362 3472 505 3526 Hermetis.
518 3468 586 3523 Vide
596 3471 642 3523 Ja·
689 3499 751 3532 men
762 3520 769 3546 ,
782 3481 848 3533 sicut
863 3480 932 3549 apud
954 3480 1013 3535 Cic.
1030 3485 1092 3537 Flo.
1104 3483 1141 3548 ll,
1151 3501 1187 3550 η,

131 3555 243 3608 blonskii
257 3554 350 3607 Pauth.
359 3551 418 3623 AEg.
430 3550 465 3617 V,
475 3572 496 3603 2.
507 3550 539 3602 ln
544 3555 641 3616 piscem
688 3557 961 3625 Summaplu'losopde'ae
969 3571 1009 3613 est
1018 3557 1187 3628 univempt‘r

134 3637 227 3687 Venus
237 3633 316 3686 etiam
332 3631 401 3702 apud
418 3629 499 3704 Syros
513 3629 563 3682 alio
574 3638 640 3681 tem·
687 3632 853 3702 loeoplria.-
866 3638 985 3702 Calliope
993 3637 1116 3708 eligitur,
1127 3636 1188 3689 idon

132 3735 196 3785 pore
210 3714 319 3767 transiit.
338 3712 476 3782 Hyginus,
497 3711 527 3763 P.
541 3709 573 3761 Α.
589 3709 638 3772 30;
688 3713 911 3782 prestantissima,
925 3732 988 3781 que
995 3735 1039 3770 res
1047 3714 1187 3786 gestatio

132 3796 244 3859 Noster,
258 3793 326 3845 Fast.
339 3790 382 3854 ll,
396 3789 441 3855 461
456 3807 511 3856 sqq.
526 3787 561 3839 Et
575 3804 640 3837 om·
687 3810 748 3843 rum
762 3802 840 3859 atque
858 3791 975 3844 heroum
987 3805 1073 3848 cautu
1084 3794 1186 3848 eelebre-

131 3872 196 3923 nino
213 3870 269 3922 haec
284 3867 316 3919 de
330 3865 458 3937 Typhoeo
471 3864 556 3916 sabula
571 3862 640 3932 apud
686 3869 738 3921 bat.
752 3869 843 3937 ltaque
855 3869 994 3922 interdum
1007 3882 1126 3941 prototo
1137 3869 1186 3923 Me·

131 3947 211 4018 Syros
223 3956 284 3998 nata
296 3944 550 4006 videtur,moneote
564 3943 641 4013 Hey-
685 3965 774 3999 earum
787 3947 868 3998 choro
881 3949 1001 4016 ponitur.
1019 3948 1128 4002 AEneid.
1142 3947 1186 4011 lll,

130 4023 216 4076 nloatl
227 4018 505 4092 Apollod,d.l-Ib1's,
516 4021 640 4072 avisclco·
687 4027 741 4080 535,
759 4027 830 4079 Iusta
842 4045 919 4079 vemt
931 4027 981 4079 862
994 4069 1001 4095 ‚
1022 4036 1137 4082 Μαίη
1146 4044 1187 4077 ω·

131 4103 294 4167 niaesimilis,
305 4099 411 4170 AEgypti
422 4098 571 4167 peculiaris,
583 4101 639 4150 im·
686 4115 766 4156 eatur.
776 4104 818 4157 Ad
832 4104 976 4157 dicendum
985 4108 1120 4175 prodituri
1129 4103 1187 4158 resti·

131 4180 240 4245 munda,
250 4191 280 4230 ut
288 4198 346 4245 quae
356 4188 439 4230 rostro
447 4193 528 4226 anum
537 4187 639 4246 purget.
687 4193 742 4234 tum
755 4203 913 4252 componere
932 4186 1065 4240 solebant.
1086 4187 1187 4248 Plinius,

162 4259 218 4310 332.
231 4261 338 4309 Voculi'a
344 4262 517 4313 monetalem,
529 4255 639 4326 descrip·
687 4260 729 4326 ll,
743 4261 824 4330 Epist.
838 4278 887 4327 111,
903 4283 935 4326 2,
954 4271 1054 4331 surgit.
1078 4270 1186 4317 uiritim

129 4331 637 4393 tiocantns;accineratvoceeitliaraelle
686 4341 813 4392 Similiter
828 4352 854 4391 et
866 4361 939 4394 nunc
961 4342 1083 4413 Calliope
1102 4340 1187 4396 decoris

129 4411 210 4464 verbo
219 4414 297 4476 posci
306 4409 363 4461 vide
379 4411 411 4461 ad
425 4411 475 4473 lv,
486 4413 540 4478 274.
556 4411 599 4464 Sic
612 4424 638 4464 ct
684 4435 775 4481 causa,
785 4421 893 4483 capillos
902 4422 985 4486 (quos
995 4423 1120 4473 mulieres
1126 4416 1188 4471 domi

129 4509 221 4557 graece,
231 4489 511 4542 «esoni-Aonides
519 4489 549 4540 ab
559 4489 638 4541 Aoni·
683 4491 804 4544 sedentes
823 4498 951 4545 inmissos
970 4496 1132 4561 infaciem,
1151 4502 1187 4544 aut
