2662 5092
183 793 225 876 42
342 765 1086 861 suniusnurnnouruosron.

181 933 216 1005 iu
239 931 341 1005 ninias
360 931 498 1019 mutati,
522 931 558 1003 in
580 928 676 1005 ltalia
699 930 848 1032 appulit,
872 932 908 1004 iu
929 932 1087 1006 Caietano
1110 931 1208 1007 litore
1231 965 1249 1011 e

181 1048 335 1121 Macareo
351 1044 456 1120 multa
473 1045 513 1119 de
539 1045 651 1152 Ulyssc
667 1064 767 1147 atque
786 1046 889 1121 Circes
899 1046 1055 1122 veneficio
1067 1051 1247 1148 comperit,

180 1192 248 1263 qno
276 1162 374 1243 ctiam
404 1161 499 1235 ll'cus
523 1188 579 1234 rex
604 1161 762 1262 inpicum
780 1190 871 1236 avem
888 1180 1035 1236 mutatus
1051 1179 1130 1235 erat
1164 1167 1249 1240 Mor

177 1277 305 1354 bellium
321 1308 395 1353 cum
410 1278 446 1352 T
444 1307 520 1352 nmo
533 1277 683 1378 suscipit.
703 1280 737 1352 Is
751 1307 855 1378 quum
867 1307 928 1379 per
937 1276 1105 1352 Venulum
1119 1297 1249 1379 peteret

179 1394 339 1470 auxilinm
352 1427 372 1471 a
384 1395 556 1481 Dsomcde,
576 1396 671 1494 cujus
683 1395 759 1469 socii
767 1396 802 1467 iu
815 1423 884 1496 aves
898 1414 992 1470 erant
1002 1396 1247 1486 transformati,

178 1512 344 1615 repulsam
362 1512 464 1588 tulit:
482 1511 641 1586 redeunte
657 1511 791 1587 Venulo
815 1541 877 1614 per
897 1541 935 1586 ea
952 1511 1045 1603 loca,
1066 1514 1101 1586 in
1120 1514 1249 1615 quibus

177 1629 329 1729 Appulus
338 1627 627 1730 pastorquoudam
639 1629 673 1701 in
684 1630 1029 1704 oleastrrmecouversus
1036 1647 1115 1704 erat.
1124 1631 1249 1706 Postea

186 1744 305 1819 AEneae
321 1744 572 1847 naeesll'ycnphoe
584 1744 669 1819 liunt
685 1746 721 1818 in
738 1741 874 1846 praelio,
892 1744 979 1818 sicut
995 1762 1029 1818 et
1043 1773 1082 1819 ex
1094 1745 1242 1832 Ardea,

177 1859 271 1934 urbis
284 1861 438 1938 incendio
453 1860 586 1950 deletae,
606 1861 773 1936 cineribus
785 1859 880 1934 ordeo
893 1861 980 1948 aris3
999 1879 1098 1961 atque
1111 1860 1247 1936 AEoeas

176 1975 211 2048 in
238 1977 344 2051 Deum
372 1980 499 2053 transit.
520 1979 757 2053 Successemnt
783 1976 862 2050 huic
884 2005 978 2071 reges
1005 1975 1079 2063 alii,
1098 1982 1247 2077 quorum

175 2090 263 2164 iuter
284 2109 418 2167 caeteros
444 2093 508 2167 sub
529 2084 646 2167 ‘Phoca
675 2092 790 2167 llornit
822 2091 985 2176 Pmoun,-
1012 2119 1111 2195 quam
1137 2121 1246 2193 quum

177 2204 221 2277 V
213 2220 368 2280 cumanus
383 2223 523 2295 amaret,
541 2225 650 2281 sumta
665 2208 809 2308 primum
824 2206 1044 2293 woeserma,
1060 2223 1093 2281 et
1105 2209 1268 2281 Ama--

174 2335 250 2394 retes
265 2320 416 2422 exemplo
429 2321 465 2395 iu
477 2350 587 2395 saxum
603 2350 767 2397 conversa
777 2340 956 2423 usurpato,
976 2321 1092 2397 deiude
1104 2349 1244 2398 rursum

167 2438 287 2537 juvene's
306 2439 431 2527 lactus,
449 2457 530 2512 voto
548 2438 687 2539 potitur.
707 2438 789 2512 lude
808 2439 872 2511 sub
890 2439 1054 2513 Nmnr'tore
1070 2438 1244 2539 aquaefn'-

168 2553 255 2654 pido
268 2555 454 2631 redduntur
469 2555 589 2629 coltile.
611 2554 673 2629 Cui
693 2555 751 2656 qui
768 2555 927 2630 successit
940 2556 1111 2640 Βοιπιιὶω,
1128 2553 1243 2631 sactus

171 2688 223 2745 est
243 2670 411 2771 Qmiious,
436 2673 573 2774 ejusque
592 2700 678 2746 uxor
699 2670 769 2745 Ora
784 2672 865 2745 Dea.

219 2820 295 2929 ΠΒ.
315 2848 391 2918 XV.
410 2847 552 2920 Secutus
568 2864 619 2920 est
636 2847 765 2930 Numa,
795 2843 854 2944 qui
872 2871 975 2944 quum
991 2843 1032 2918 de
1049 2845 1239 2940 originibus

171 2975 328 3048 Crotonis
346 2991 523 3073 quaereret,
540 2974 641 3072 urgrroc
657 2970 791 3043 calculos
808 2968 977 3069 quondam
989 2969 1025 3041 in
1036 2970 1124 3044 athas
1134 2970 1240 3049 fuisse.

169 3091 389 3163 commutatos
407 3088 591 3188 comperit,
616 3104 650 3159 et
666 3084 880 3192 Pythagoram
901 3083 941 3158 de
957 3087 1112 3186 perpetw's
1126 3114 1239 3162 rerum

168 3206 484 3306 tmosfhnnotiom'bus
508 3203 733 3304 disputantem
752 3200 887 3276 audivit
922 3202 1095 3277 Mortuum
1116 3202 1238 3280 deinde

168 3323 312 3394 Numam
328 3319 426 3394 dellet
439 3319 572 3419 Egone
592 3346 653 3392 nec
670 3318 858 3424 Hippolyti,
877 3317 935 3418 qui
948 3345 1024 3392 suas
1036 3316 1102 3419 ipsi
1113 3346 1237 3394 convcr-

167 3435 263 3508 ss'ooes
287 3437 460 3525 narrabat,
489 3433 751 3510 consolationem
776 3434 970 3521 admittens,
994 3435 1030 3508 in
1044 3434 1166 3536 sernum
1192 3435 1235 3510 li·

168 3552 305 3652 quescit.
331 3551 370 3624 ld
393 3553 484 3654 quod
501 3581 569 3626 nou
586 3552 699 3626 minus
714 3550 779 3625 fuit
796 3551 1003 3638 mirandum,
1024 3579 1122 3653 quam
1138 3553 1236 3654 quod

167 3667 202 3741 T
199 3695 270 3768 ages
280 3697 297 3742 e
304 3668 399 3768 glebo
406 3688 510 3757 ortus,
524 3667 662 3744 Romuli
673 3669 779 3741 luuoeo
789 3669 890 3753 arbor,
905 3686 939 3743 et
947 3670 1057 3769 cippus
1069 3686 1235 3744 comutus

164 3784 280 3859 lactus.
300 3787 388 3858 Tum
405 3786 523 3858 transit
539 3803 638 3886 poeta
652 3784 694 3857 ad
711 3785 902 3886 prasentia,
926 3804 1122 3887 narratque,
1146 3813 1234 3888 quo-

164 3901 265 3974 modo
283 3901 496 4002 Alliculopsies
507 3901 572 3974 coli
583 3932 602 3978 a
612 3902 774 3977 Romanis
787 3902 823 3974 in
835 3901 943 3975 insula
955 3903 1088 3979 Tiberis
1101 3920 1235 4004 coeptus

164 4015 221 4104 sit,
240 4017 414 4120 Iuliusque
431 4016 542 4093 Cesar
556 4018 591 4090 in
607 4018 726 4090 stellam
741 4035 972 4092 commutatus.

582 4298 819 4328 *⁶¹¹0*-
