2662 5092
130 751 194 818 332

409 747 654 815 novrum
682 744 908 837 nasoms

130 925 147 955 »
168 888 231 961 Hic
247 887 346 960 modo
362 916 436 961 cum
455 888 584 984 gemina
599 889 667 962 visa
683 905 733 961 est
749 887 832 961 mihi
850 885 944 988 prole
958 885 1055 962 leena.
1070 921 1085 952 u

130 1009 242 1105 thue
258 1005 355 1092 sera,
373 1005 523 1104 sequitur
540 1005 677 1102 vestigia
692 1004 845 1103 conjugis
863 1031 991 1091 amens,

129 1123 247 1222 Deque
264 1121 339 1194 sinu
356 1121 468 1194 matris
486 1120 668 1207 ridentem,
692 1139 724 1194 ct
737 1148 838 1220 parva
857 1120 1034 1194 Learchum
1113 1139 1146 1192 nt

128 1236 268 1309 Brachia
284 1234 494 1322 tendentem,
513 1237 621 1336 rapit,
640 1253 674 1309 et
690 1237 744 1309 bis
762 1253 878 1336 terque
896 1263 958 1336 per
973 1262 1059 1310 auras

128 1352 226 1425 More
241 1369 328 1427 rotat
342 1352 472 1438 sundae3
490 1352 668 1452 rigidoque
683 1350 822 1424 infantia
839 1378 921 1423 saxo

129 1467 276 1540 Discutit
294 1495 367 1540 ossa
384 1467 475 1540 feror
491 1499 499 1539 :
515 1486 584 1540 tum
602 1466 744 1561 denique
762 1465 893 1536 concita
907 1481 1030 1551 mater,

130 1582 196 1655 Seu
213 1581 309 1654 dolor
322 1581 387 1653 hoc
403 1579 501 1666 lecit,
521 1606 578 1651 scu
596 1578 702 1678 sparsi
718 1605 815 1652 causa
834 1577 973 1665 veneni,

131 1697 311 1785 Exululat3
329 1696 500 1798 passisque
518 1694 606 1789 lugit
622 1694 705 1769 male
724 1722 802 1767 sana
819 1692 969 1793 capillis;
1124 1713 1159 1765 to

131 1825 161 1895 T
163 1852 245 1923 eque
259 1823 367 1896 serens
383 1848 521 1922 parvum
538 1818 655 1906 nudis,
674 1817 865 1905 Melicerta,
882 1816 1029 1904 lacertis,

130 1948 238 2032 Evoe,
254 1944 402 2018 Bacche!
422 1960 527 2016 sonat
546 1941 668 2016 Bacchi
684 1942 747 2014 sub
765 1941 898 2014 nomine
917 1942 1009 2013 Juno

132 2069 220 2142 Risit
238 2098 246 2139 :
261 2086 313 2157 et,
334 2103 351 2133 «
367 2069 441 2141 Hos
458 2096 538 2141 usus
555 2082 688 2167 prestat
702 2065 783 2152 tibi,
801 2064 906 2151 dixit,
923 2062 1109 2137 alumnus.»

181 2190 336 2264 Imminet
352 2191 544 2289 aequoribus
561 2189 718 2290 scopulus
733 2220 741 2263 :
755 2216 831 2289 pars
849 2189 915 2261 ima
931 2203 1062 2260 cavatur

132 2419 214 2461 ratur.
223 2405 420 2460 barche'caedes
427 2416 485 2476 apte
492 2416 518 2459 et
526 2405 558 2459 ad
565 2425 640 2459 com-

134 2485 307 2539 rniserationis
319 2495 346 2540 et
363 2484 395 2538 ad
408 2484 523 2539 horroris
534 2505 640 2540 sensum

134 2574 247 2618 narrata.

167 2643 223 2694 518.
244 2643 312 2695 Ossa
323 2662 371 2712 pro
386 2663 433 2697 ora
445 2662 459 2696 e
476 2642 600 2698 Cautabr.
614 2654 641 2697 et

135 2719 216 2771 altero
230 2720 329 2773 Erfurt
342 2722 440 2791 recepit
458 2721 590 2774 Heinsius
608 2748 641 2762 -

135 2797 225 2849 Nostri
243 2799 319 2868 Regii
336 2799 432 2853 habent
447 2818 499 2852 ora.
517 2828 551 2840 —
571 2802 641 2854 Tum.

137 2873 228 2927 Codex
239 2875 336 2945 Regius
348 2877 370 2929 B
380 2877 527 2930 habetcurs.
537 2906 570 2920 -·
578 2880 642 2932 Con·

135 2958 202 3014 cs'ta,
223 2954 251 3006 iu
264 2954 382 3007 furorem
394 2954 490 3008 adacta.

169 3035 224 3101 ⁵¹9·
234 3033 323 3098 Sparsi
331 3051 411 3085 causa
422 3038 517 3085 venem.
537 3033 637 3102 Tanaq.

136 3109 222 3163 Faber
238 3112 400 3180 conjecturat
416 3131 505 3178 sparso
520 3117 581 3164 laesa
594 3132 643 3164 oe-

136 3207 199 3240 neno
208 3195 258 3252 est,
270 3200 332 3255 aut,
346 3208 460 3255 sparsum
469 3208 549 3242 causa
561 3209 645 3242 vene-

135 3285 194 3318 num
204 3274 289 3319 εει-
296 3268 384 3322 Nostri
397 3266 577 3336 Regiihabent
587 3267 644 3319 vul-

135 3352 230 3411 gatam.
254 3345 319 3399 llaec
339 3345 417 3398 lectio
440 3343 505 3396 dura
527 3343 580 3397 visa
604 3355 644 3397 est

137 3421 278 3475 nonnullis.
289 3421 389 3474 Locum
398 3439 453 3473 csse
461 3441 556 3473 sanum
564 3421 645 3475 credo

137 3517 200 3549 cum
211 3498 383 3562 Burmanno;
404 3496 449 3551 sed
464 3496 542 3567 paulo
556 3499 646 3552 subti-

136 3576 187 3629 lius
198 3575 241 3629 ille
252 3595 357 3630 sensum
370 3577 466 3647 repetit
481 3596 497 3629 e
507 3576 577 3630 scitis
586 3577 646 3646 plri-

137 3653 307 3723 losophorum
320 3694 328 3720 ,
345 3655 390 3725 qui
408 3674 511 3709 causare
522 3665 549 3707 et
560 3662 645 3708 mate-

138 3738 202 3784 riam
220 3730 405 3799 distinxerint,
426 3744 458 3787 ut
478 3752 558 3786 causa
580 3742 646 3786 esset

138 3813 256 3881 operatio
268 3812 372 3878 diviua,
385 3832 519 3866 venenum
532 3818 645 3867 maten'a.

46 3887 47 3890 ’
139 3887 199 3940 lmo
210 3909 291 3942 causa
303 3893 394 3941 venem
405 3889 508 3942 videtur
522 3911 576 3944 esse
594 3909 645 3943 ve-

139 3984 240 4019 nenum
252 3967 353 4037 ipsum,
368 3975 497 4035 quatenus
505 3987 581 4021 causa
590 3977 646 4020 erat

139 4042 212 4094 istius
223 4045 324 4097 furoris.
345 4043 472 4097 Similiter
483 4083 490 4110 ,
510 4046 535 4099 ll
546 4085 553 4111 ,
577 4046 644 4111 836,

139 4139 219 4171 causa
233 4129 333 4175 amorr's.
349 4123 428 4175 Lens.
444 4143 548 4175 causam
563 4125 646 4194 expli-

139 4206 180 4248 cat
189 4209 336 4264 auctorem,
349 4212 379 4253 ut
389 4200 468 4253 Furia
479 4200 646 4269 intelligatur.

143 4271 217 4325 ldern
238 4273 358 4341 dubitat,
377 4297 411 4329 an
425 4277 467 4328 hic
479 4296 567 4329 versus
579 4297 647 4345 pro-

139 4353 222 4404 iectus
233 4350 266 4403 sit
277 4352 309 4402 ab
322 4352 435 4420 ovidio,
449 4353 509 4421 quia
521 4373 595 4407 causa
607 4358 647 4408 t‘u-

140 4428 206 4483 roris
218 4427 296 4482 dubia
308 4447 362 4481 esse
376 4449 430 4482 nou
443 4433 565 4500 potuerit.
587 4435 645 4504 Ap-

139 4519 213 4577 paret
224 4519 328 4576 tamen,
345 4507 407 4578 quid
420 4521 511 4566 auctor
521 4524 646 4583 sequutus

687 2405 720 2458 sit
731 2404 771 2457 his
781 2403 874 2457 verbis.
891 2403 998 2473 Nempe
1019 2400 1167 2455 iudicarem·

687 2484 755 2549 luit,
774 2485 899 2537 atrociam
913 2484 990 2536 istius
1001 2481 1113 2536 lacinon's
1121 2489 1170 2532 tn-

689 2576 743 2619 tam
754 2565 845 2627 luisse,
860 2575 888 2617 ut
900 2565 940 2618 vel
949 2564 1021 2618 solus
1029 2563 1174 2616 metrisdsltt

688 2644 744 2697 sine
758 2663 861 2696 veneno
875 2654 983 2712 accepto
1001 2643 1114 2695 t‘uroreru
1127 2638 1172 2693 ett-

688 2742 747 2776 ατε
759 2723 881 2792 potuerit.
893 2749 927 2762 —
939 2724 1118 2774 &stelante-
1127 2719 1175 2772 Bt·

689 2793 1175 2868 chariincipit,quemadmodumetalii

689 2878 792 2931 suriosse
799 2876 906 2930 Bacchis
915 2875 1178 2929 assimilatum-ht·

690 2963 779 3025 sisque.
792 2956 903 3010 Codices
914 2957 1001 3009 nostri
1010 2956 1088 3018 male,
1096 2954 1178 3020 smi-

691 3032 742 3085 Ed.
752 3061 786 3074 ·-
798 3034 869 3086 Hinc
877 3033 1021 3086 commode
1034 3044 1178 3087 sormunt

691 3113 798 3166 Junone
811 3112 956 3164 adhibetur.
977 3139 1013 3152 ·-
1029 3114 1121 3167 eleuat.
1138 3106 1180 3160 clt-

691 3195 850 3246 mat-Sub
859 3197 971 3253 nomene,
986 3191 1078 3244 audito
1087 3187 1180 3243 noni!-

693 3271 748 3335 lll,
763 3273 809 3336 245
819 3309 826 3334 ,
838 3270 873 3323 sic
882 3273 921 3321 ad
928 3270 1180 3321 nomem-Horm-

693 3350 818 3404 Heinsius
828 3350 993 3415 conjecturat
1004 3351 1054 3400 hos
1065 3352 1142 3403 Iasus,
1149 3349 1181 3394 stt

693 3434 806 3500 thyrsos,
820 3429 882 3482 Duo
894 3428 978 3482 MSS.
986 3428 1099 3495 sactus.
1109 3427 1182 3487 Usus,

693 3507 953 3572 risusllurrnaunus,
966 3517 1078 3574 propter
1088 3504 1122 3571 V,
1136 3520 1181 3564 ιιι,

694 3594 782 3636 censet
794 3603 847 3637 non
857 3582 1095 3636 mutandumms.
1110 3578 1183 3635 Ettoe

695 3660 800 3728 quidem
808 3661 905 3714 habent
913 3661 996 3713 nostri
1006 3661 1090 3730 Regii.
1097 3687 1128 3699 -
1135 3657 1185 3710 Um

694 3738 774 3807 possis
787 3737 938 3791 mercedem
956 3757 1007 3806 pro
1026 3738 1080 3791 tuis
1095 3737 1122 3789 iu
1138 3749 1184 3789 eun

694 3817 794 3870 meritis
805 3816 981 3884 interpretari.
1004 3815 1101 3868 Malim
1116 3824 1186 3866 tam

695 3898 741 3946 hos
753 3897 824 3946 lusus
840 3892 933 3960 legere.
957 3894 1045 3945 Lusus
1064 3891 1188 3944 Bacch·

694 3975 755 4024 tium
768 3970 831 4023 dixit
849 3968 975 4033 Curtius,
991 3971 1050 4035 lX,
1068 3986 1102 4034 x,
1118 3969 1187 4020 25.-

694 4051 815 4105 Praestat,
839 4065 886 4116 pro
900 4054 1022 4114 pmstet,
1043 4045 1189 4099 revocarit!

696 4147 749 4181 uno
758 4127 875 4192 Heinsii,
887 4146 942 4179 uno
951 4123 1191 4181 Leidetunolloss·

695 4219 721 4261 et
735 4207 866 4275 placuerat
877 4206 931 4272 jam
943 4204 1066 4256 Heinsio.
1096 4268 1101 4271 „

729 4290 784 4352 524.
793 4290 909 4339 Immr'ne!
918 4289 1059 4351 oequoribus
1071 4295 1120 4337 eto
1131 4283 1194 4335 Hauc

696 4365 789 4417 sabulae
799 4374 915 4432 partem,
928 4381 987 4431 quse
1001 4362 1034 4413 ad
1049 4363 1100 4414 luo
1111 4371 1136 4412 et
1147 4358 1195 4411 tte

696 4441 815 4494 licertam
826 4440 950 4508 pertinet,
962 4439 1072 4502 Noster,
1082 4440 1146 4491 Fast
1155 4431 1196 4495 Vl,

697 4517 833 4588 493-55'0,
851 4535 906 4569 uon
925 4514 1008 4569 modo
1019 4515 1146 4585 copiosius
1156 4528 1197 4562 re·
