2662 5092
133 710 199 795 504

409 711 448 776 P.
475 709 656 777 ovum
684 705 909 775 NASONIS
932 709 934 713 ’

132 852 196 926 Hic
213 876 276 949 ope
293 847 520 949 Nympharum
535 846 687 923 sublatus
703 849 738 919 iu
755 875 830 920 aera
846 846 987 946 pennis,

132 966 246 1063 Quum
262 965 368 1059 gravis
386 964 498 1039 infuso
516 962 613 1039 tellus
628 962 715 1038 soret
731 963 854 1050 obruta
867 979 998 1063 ponto,

1137 979 1183 1034 355

130 1079 367 1157 Deucalioneas
384 1081 504 1179 effugit
521 1079 700 1185 inobrutus
716 1077 833 1151 undas.

133 1195 277 1270 AEoliam
297 1198 435 1271 Pitanen
451 1228 471 1271 o
485 1196 564 1270 lava
579 1212 672 1296 parte
688 1193 868 1294 relinquit,

132 1313 296 1413 Factaque
312 1312 352 1386 tle
367 1341 445 1387 saxo
464 1311 557 1407 longi
576 1310 748 1385 simulacra
766 1309 924 1385 draconis
939 1338 948 1398 ;

136 1428 325 1528 ldaeumque
340 1457 475 1514 nemus;
495 1458 579 1528 quo,
595 1428 664 1501 nati
680 1426 787 1512 hirta,
804 1427 985 1524 juvencum

137 1542 295 1618 Occuluit
311 1545 411 1618 Liber
424 1543 497 1617 salsi
515 1544 577 1618 sub
592 1544 733 1640 imagine
750 1542 858 1629 eervi3

1151 1557 1193 1609 36⁰

138 1658 281 1759 Quaque
298 1678 391 1760 pater
407 1660 547 1762 Corythi
567 1689 665 1760 parva
682 1656 862 1732 tumulatus
878 1683 981 1729 arena
998 1683 1008 1743 ;

140 1776 186 1847 Et
203 1802 289 1874 quos
304 1778 405 1848 Mara
420 1804 507 1849 novo
524 1773 644 1850 latratu
663 1773 781 1847 terruit
796 1801 896 1868 agros
913 1800 923 1859 ;

140 1894 366 1996 Eurypylique
383 1899 520 1984 urbem,
536 1927 601 1999 qua
619 1897 696 1971 Coa
713 1924 837 1971 cornua
852 1911 979 1967 matres

111 2038 112 2042 ’
146 2017 347 2106 Gesserunt,
366 2036 436 2093 tum
454 2047 557 2120 quum
574 2019 753 2093 ffisoederet
768 2014 926 2090 Herculis
944 2041 1090 2109 agmen3

145 2140 389 2241 Phoebeamque
407 2141 570 2230 Rhodon,
585 2160 618 2216 et
633 2141 772 2242 Ialysios
787 2137 989 2223 Telchinas,
1155 2153 1195 2204 Ν

176 2355 395 2420 354.Soblatusr'n
403 2363 650 2428 aerapenm'spotest
696 2357 848 2426 suspicetur,
856 2353 941 2408 hicde
950 2353 1068 2406 Hecuba
1076 2352 1197 2421 agiprop

146 2435 340 2487 circumlocutio
348 2435 414 2489 illius
424 2438 542 2490 scarabaei
551 2457 651 2490 esse.—

149 2512 385 2574 Gravae's;tt0d.d1·e
395 2534 476 2580 pause
483 2517 557 2566 Etde.
571 2514 653 2583 Equi-

148 2585 208 2638 ‹lem
222 2588 380 2656 interpretor
393 2590 581 2658 ponderosam
600 2610 653 2659 op-

147 2668 255 2735 ponitur
265 2667 337 2719 enim
349 2668 371 2719 ei
382 2708 389 2733 ,
401 2669 444 2736 qni
456 2668 548 2738 pennis
556 2667 654 2721 tollitur

149 2743 178 2794 in
190 2762 265 2809 aera,
279 2744 339 2797 levis
352 2745 448 2813 pendet
461 2747 485 2796 in
498 2766 572 2810 aere,
585 2746 654 2798 levi-

150 2831 202 2874 tate
214 2841 259 2874 sua
273 2823 364 2892 effugit
375 2823 564 2892 perieulum-
574 2827 655 2876 Obru-

150 2905 185 2949 ta.
194 2937 214 2949 ..
226 2903 362 2958 inobrutus,
375 2911 404 2952 ut
412 2900 494 2967 Vlll,
508 2902 569 2969 844,
581 2904 656 2955 Aue-

150 2986 249 3030 aeuaral.
258 3020 277 3032 ..
290 2983 456 3033 inattenuata.

184 3057 240 3108 358.
266 3057 350 3124 Longi
365 3061 501 3110 simulacra
521 3061 655 3121 dracom‘55

151 3132 272 3203 intelligit
289 3135 411 3206 Micyllus
427 3136 548 3190 Lesbium
564 3141 658 3190 draco-

152 3232 223 3276 nem,
243 3214 316 3282 cujus
328 3215 406 3267 etiam
420 3217 475 3282 xl,
493 3217 541 3282 58,
559 3218 659 3269 mentio

153 3288 192 3341 fit.
210 3319 244 3330 -
261 3293 348 3344 Liberi
361 3300 461 3354 natum,
482 3293 658 3364 Thyoneum,

155 3366 276 3440 Phrygiis
288 3370 432 3438 pastoribus
445 3371 585 3438 juvencum
599 3370 661 3423 abe-

157 3446 221 3516 gisse
234 3448 312 3501 tradit
323 3448 403 3518 glossa
414 3447 517 3502 Codicis
531 3448 661 3502 hleuardi.

189 3524 246 3575 361.
259 3528 336 3579 Pater
348 3528 451 3597 Corythi
457 3527 505 3579 luit
515 3527 601 3581 Paris:
610 3526 662 3580 vid.

156 3600 309 3656 Parrhasius
317 3603 348 3656 ad
356 3603 546 3670 Claudianum,
556 3605 660 3675 Raptl,

161 3697 252 3750 sqq-
264 3682 423 3744 Tumulatus,
433 3683 561 3751 sepultus,
571 3681 663 3734 condi-

158 3766 200 3808 tus
218 3767 263 3810 est.
279 3786 311 3797 -
327 3759 413 3810 Mera.
429 3759 525 3829 Regius
545 3758 664 3828 intelligit

158 3835 285 3900 Merum,
296 3837 361 3888 lrari
371 3856 472 3902 mnam,
483 3856 541 3905 quae
549 3837 662 3899 Icarum,

159 3930 173 3962 a
191 3913 290 3965 masticis
309 3914 400 3967 Atticis
416 3914 602 3979 intersertum,
621 3915 664 3966 la-

161 3998 229 4042 tratu
241 4009 289 4043 suo
301 3990 437 4057 indicarit,
451 4003 477 4046 et
487 3992 592 4062 posthae
604 4011 664 4045 cum

160 4064 268 4119 domino
279 4086 326 4119 suo
338 4067 407 4120 inter
420 4069 505 4124 sidera
517 4071 597 4124 relata
612 4081 664 4124 est:

161 4145 298 4214 Hyginus,
316 4147 401 4200 sabula
416 4153 479 4214 150;
491 4149 577 4204 Schol.
591 4150 665 4204 Ger-

160 4224 254 4276 manici
267 4224 298 4276 ad
315 4224 435 4294 Canem,
449 4250 474 4298 p.
490 4233 541 4283 ηδ.
555 4230 609 4283 sed
621 4231 665 4283 vi-

160 4296 238 4350 detur
249 4299 303 4353 hoec
314 4303 395 4357 Maera
403 4307 488 4374 potius
496 4305 580 4375 puella
589 4308 664 4364 fuisse

159 4373 187 4425 iu
202 4392 293 4428 canem
308 4398 388 4432 versa.
406 4383 449 4436 Sic
462 4384 541 4435 etiam
556 4382 666 4437 Lactan-

160 4454 231 4518 tius,
254 4453 282 4505 iu
302 4454 476 4525 Argumento.
495 4461 665 4516 Burmannus

699 2434 812 2487 teerll
821 2471 828 2498 ,
838 2432 902 2498 4063
917 2433 1103 2484 Maeraeautem
1113 2447 1197 2481 nomen

699 2514 829 2567 intrusum
837 2530 891 2564 esse
902 2530 952 2580 pro
960 2512 1031 2576 alio,
1045 2529 1096 2579 quo
1105 2508 1199 2562 Hecuba

700 2589 907 2660 significaretur,
924 2589 1031 2640 variare
1047 2589 1117 2640 enim
1131 2584 1198 2637 MSS

701 2670 814 2726 -Noon
832 2667 968 2718 inusitato.
980 2694 1017 2704 -
1034 2669 1132 2717 Tenuit.
1144 2661 1199 2713 lile

702 2744 734 2797 ad
748 2746 833 2809 Xlll,
847 2745 904 2810 406.

736 2822 790 2875 363,
804 2824 1045 2892 Eurypyle’urbem
1063 2819 1137 2873 coos.
1148 2817 1200 2870 llo-

704 2918 767 2952 mer.
788 2898 816 2950 ll.
833 2898 873 2961 B,
894 2898 942 2968 677
960 2938 969 2965 ,
995 2910 1065 2964 ttae,
1083 2899 1201 2971 Etpmhm

704 2981 773 3030 who.
789 2976 849 3029 Fuit
863 2970 906 3028 hie
924 2976 1080 3049 Eurypylus
1098 2973 1203 3028 Herculis

706 3053 787 3120 lilius,
804 3053 864 3121 qui,
884 3064 963 3121 capta
975 3054 1020 3107 illa
1034 3056 1112 3118 urbe,
1127 3053 1206 3105 ihire-

707 3135 800 3206 gnauit
820 3136 875 3186 Coo
892 3145 989 3186 autern
1003 3136 1124 3187 mulieres
1135 3149 1205 3200 qutun

706 3216 817 3267 formam
828 3230 904 3264 suam
915 3214 1096 3280 protulissent
1103 3209 1204 3272 Veneri,

707 3295 734 3346 in
746 3311 833 3344 vaccas
845 3302 955 3344 mutatae
965 3303 1033 3345 sunt
1044 3289 1205 3352 :Laconum

709 3371 736 3423 in
744 3370 920 3437 Argunrento.

741 3447 795 3500 355.
809 3448 956 3504 plebeam.
972 3446 1038 3514 quia
1048 3444 1153 3499 Rhodos
1162 3440 1208 3495 Soli

708 3542 792 3589 saera,
806 3522 879 3590 cujus
891 3520 974 3575 radiis
987 3541 1126 3591 nunquam
1134 3537 1208 3572 carere

710 3599 859 3653 dicebatur:
872 3598 924 3651 vid.
938 3599 1104 3664 Lambinus,
1119 3596 1208 3650 atillo·
1243 3636 1253 3663 ,

710 3678 821 3742 ratium,
836 3680 864 3744 l,
878 3676 1010 3743 Od.v11,
1028 3699 1048 3732 r,
1061 3678 1208 3744 -Ialysus,

711 3775 763 3808 una
781 3776 810 3807 ex
828 3755 908 3815 tribus
927 3755 1121 3824 antiquissimis
1136 3750 1208 3806 Rhodi

711 3833 871 3900 urbibus,ab
880 3833 978 3905 Ialys0‚
993 3834 1065 3888 Solis
1071 3829 1209 3903 nepote,sic

712 3913 779 3966 dicta
789 3933 795 3965 :
805 3912 916 3979 Strabo,
929 3912 1013 3979 XIV,
1026 3934 1052 3983 p.
1064 3914 1157 3965 65&—
1166 3909 1211 3960 tet

712 3994 800 4044 cheiras
817 3989 942 4042 Rhodum
963 3990 1106 4044 incoluisse
1125 3997 1210 4041 certum

712 4081 766 4136 est,
785 4088 936 4138 quanquam
953 4089 1013 4123 nou
1029 4071 1092 4124 satis
1110 4076 1209 4127 onustat,

713 4148 783 4202 unde
791 4147 922 4212 venerint,
930 4159 1124 4217 autquorsum,
1132 4141 1209 4199 llholo

712 4227 816 4292 relicta,
834 4225 1016 4293 migraverint.
1034 4225 1103 4280 Vide
1119 4217 1228 4287 Menai,

714 4306 800 4359 Rbod.
811 4306 837 4372 l,
850 4326 873 4378 9.
884 4305 970 4359 Erant
979 4317 1071 4360 autem
1080 4305 1207 4371 erimine

713 4383 956 4455 prestigiatores'et
975 4383 1061 4436 inridi
1078 4379 1207 4437 tuumne

713 4474 790 4518 tores.
803 4461 947 4532 spanhem.
965 4463 1001 4517 ad
1017 4460 1206 4518 callimachum,
