2662 5092
291 764 830 834 nurauouruosuou
854 768 949 836 mr.
978 772 1033 838 11.
1136 777 1194 840 ms
1285 720 1288 725 ⁵

120 903 382 1005 Jlistuleratque
400 931 514 1000 graves
531 905 567 977 iu
582 905 701 980 idonea
715 924 862 1006 tempora
877 936 1001 1009 poenas.

133 1020 242 1094 Causa
259 1048 359 1093 morae
375 1019 468 1094 nulla
483 1039 534 1095 est
551 1050 558 1094 :
577 1038 611 1094 et
625 1022 692 1119 jam
708 1052 791 1123 puer
806 1026 928 1114 Arcas,
945 1026 980 1099 id
997 1026 1107 1127 ipsum

136 1134 286 1208 Indoluit
301 1137 413 1223 Juno,
433 1135 541 1210 luerat
558 1137 598 1211 de
616 1137 732 1238 pellice
749 1158 858 1213 natus.

138 1250 215 1344 Quo
232 1248 330 1322 simul
348 1250 492 1324 obvertit
506 1279 621 1325 saevam
638 1281 712 1326 cum
729 1253 852 1327 lumine
869 1273 1034 1344 mentem3
1148 1279 1198 1348 47⁰

139 1397 156 1427 α
174 1363 309 1438 Scilicet
324 1363 388 1436 hoe
405 1393 509 1438 uuum
526 1368 691 1455 restabat,
709 1369 874 1457 adultera,
894 1371 996 1458 dixit,

138 1512 156 1543 »
175 1482 223 1552 Ut
240 1479 380 1553 secunda
395 1480 503 1567 lores3
522 1480 679 1583 fieretque
696 1485 815 1582 injuria
829 1505 927 1586 partu

136 1629 156 1660 »
173 1598 277 1683 Nota,
295 1599 317 1670 J
319 1598 454 1697 ovisque
468 1599 533 1670 mei
547 1615 702 1674 testatum
718 1601 860 1676 dedecus
880 1619 976 1676 esset.

136 1745 155 1776 >v
174 1712 274 1786 Haud
291 1714 427 1813 impune
444 1713 529 1788 seres
546 1743 554 1787 ε
571 1714 712 1789 adimam
728 1717 791 1789 tibi
808 1746 928 1818 nempe
944 1718 1105 1812 figuram3

135 1860 154 1892 n
175 1829 252 1923 Qua
266 1830 328 1902 tibi
340 1885 350 1915 ,
362 1855 492 1930 quaque
505 1829 613 1930 places
624 1850 741 1905 nostro
757 1834 948 1934 importuna
961 1835 1090 1909 marito.
1108 1868 1125 1899 »ι
1150 1856 1199 1924 475

134 1942 251 2014 Dixit:
266 1960 317 2032 et,
336 1944 471 2019 adversa
486 1947 615 2045 prensis
632 1976 651 2020 a
666 1947 778 2021 fronte
793 1948 937 2048 capillis,

134 2065 261 2138 Stravit
275 2065 368 2139 lrumi
386 2096 526 2167 pronam
544 2100 552 2142 :
573 2070 731 2145 tendebat
743 2072 877 2147 brachia
890 2072 1030 2174 supplex
1043 2103 1051 2161 ;

132 2187 277 2261 Brachia
291 2208 460 2290 coeperunt
477 2192 583 2286 nigris
600 2193 788 2267 horrescere
802 2193 909 2282 villis,

136 2311 341 2411 Curvarique
359 2340 495 2400 manus,
515 2332 548 2387 et
564 2316 711 2390 aduncos
729 2345 872 2392 crescere
889 2318 924 2389 in
942 2344 1089 2411 ungues,

137 2430 327 2533 Officioque
343 2433 467 2534 pedum
482 2434 596 2530 lungi3
613 2435 810 2537 laudataque
827 2436 995 2538 quondam
1153 2458 1203 2525 480

140 2555 211 2627 Ora
222 2555 312 2643 tovi,
332 2553 400 2626 lato
416 2555 486 2629 fieri
503 2558 661 2632 deformia
679 2560 775 2631 rictu.

134 2676 226 2750 Neve
240 2704 354 2776 preces
372 2677 515 2765 animos,
532 2697 566 2751 et
582 2681 682 2753 verba
699 2678 849 2778 potentia
864 2677 1016 2761 flectant,

131 2880 251 2936 stadie
259 2899 361 2935 nomen
374 2879 488 2934 inditum
498 2902 552 2936 esse
564 2883 640 2936 multi
690 2894 837 2937 autorem,
847 2881 974 2936 Heinsius
982 2883 1063 2937 nescit
1071 2883 1199 2953 quidinde

130 2958 264 3015 veterum
276 2960 412 3030 putabant.
690 2962 835 3031 exsculpat,
849 2972 875 3013 et
886 2961 973 3031 plnres
985 2965 1084 3032 profert
1096 2966 1200 3032 conjec-

159 3044 220 3111 ⁴7⁰·
228 3040 350 3093 Obsedct.
358 3037 420 3091 Duo
427 3043 576 3092 Μαικία-
586 3037 640 3092 Co·
689 3050 768 3093 tures·
780 3038 859 3092 Forte
869 3050 973 3108 prestat
981 3043 1119 3093 adversam.
1130 3041 1198 3093 Vide

129 3114 292 3171 dimnostri
304 3116 371 3185 Reg.
380 3120 489 3169 obvertit.
499 3144 533 3157 ·-
542 3118 645 3169 Obvertr'
688 3114 875 3169 Burmannum
885 3116 916 3170 ad
926 3118 1018 3170 Amor.
1030 3118 1041 3170 l
1053 3157 1060 3184 ,
1075 3135 1120 3182 rx,
1135 3138 1156 3169 a.
1166 3147 1199 3157 -

129 3197 211 3250 etiam
224 3194 433 3262 Heroidxlx,
458 3217 521 3268 rqr,
538 3195 641 3264 legitur.
690 3194 782 3249 Codex
800 3197 864 3267 Reg.
884 3196 1197 3264 A‚arrcptamspars1's;

129 3279 309 3344 -Qcosr’ml
314 3280 423 3329 obvertit.
433 3277 584 3345 Postquam,
596 3275 639 3327 in·
689 3270 755 3326 Cod.
768 3272 799 3327 B.
812 3293 925 3326 aversam
933 3280 1042 3341 prensis.

133 3354 206 3423 quit,
217 3353 349 3407 convertit
358 3353 511 3407 ctoculoset
520 3354 639 3406 animum
719 3356 776 3424 477.
791 3356 1036 3406 Teadcbctbrachr'a.
1045 3353 1197 3407 Hoecverba

132 3432 164 3484 in
174 3430 328 3498 Arcadem,
346 3451 360 3484 e
380 3429 512 3485 Calistone
532 3443 641 3496 natum,
691 3430 783 3498 saepius
790 3431 894 3500 repetit,
904 3430 983 3482 etiam
990 3449 1055 3482 vers.
1062 3433 1119 3492 580;
1128 3450 1200 3484 nunc

135 3507 321 3563 excandescere
332 3507 415 3576 coepit.
436 3511 504 3574 Quo,
523 3508 550 3560 in
562 3526 642 3578 quern
692 3507 785 3561 melius
803 3509 947 3573 omisisset,
972 3528 1055 3577 quum
1071 3511 1200 3580 precedat

135 3604 257 3655 puerum.
265 3588 315 3639 Ed.
322 3614 352 3625 -
360 3587 466 3646 sevam,
482 3584 585 3638 ultionis
596 3604 642 3638 cu·
687 3605 793 3652 pronam
803 3592 899 3638 stravit.
914 3587 952 3638 lta
963 3587 1044 3640 lector
1055 3608 1114 3641 eam
1122 3589 1198 3658 cogi-

133 3664 232 3736 pidm
242 3693 278 3706 -·
288 3667 391 3719 Scilicet
402 3708 408 3727 ‚
429 3683 477 3716 vox
496 3664 642 3733 indignan-
693 3677 759 3719 taret
771 3666 864 3735 elapsu
876 3684 1001 3735 pronam,
1010 3687 1100 3738 prona
1112 3669 1197 3722 statim

132 3743 174 3797 tis.
192 3770 227 3784 ·-
237 3744 353 3810 Iniuria,
374 3762 470 3812 uernpe
484 3741 549 3794 rnihi
566 3741 642 3795 illata.
692 3764 758 3798 ursae
768 3747 882 3798 sormam
896 3745 1028 3814 accepisse.

133 3820 292 3873 -Dedccns
300 3819 332 3872 de
342 3819 488 3886 adulterio,
500 3818 626 3871 etiarnIX
633 3858 641 3886 ,
724 3825 780 3890 4⁸⁰·
794 3824 915 3874 hadala
925 3825 991 3876 Jorr‘.
1012 3823 1082 3892 Qut
1093 3823 1198 3894 pulchra

132 3899 174 3953 a&
188 3899 294 3955 Similes
305 3899 419 3952 Junonis
436 3898 563 3968 querelae,
583 3897 625 3952 Ill
633 3938 641 3966 ,
691 3900 745 3952 visa
755 3910 831 3953 eraut
842 3900 903 3953 Jovi
916 3920 922 3953 τ
936 3899 995 3954 vide
1011 3901 1197 3956 Burmannum

136 3975 186 4030 286
196 3996 253 4047 sqq.
691 3976 724 4030 ad
739 3977 843 4031 Phoedr.
856 3980 867 4032 l
879 4018 886 4046 ,
905 3995 962 4044 κη,
982 3999 1003 4031 r.

163 4057 329 4127 474Nenrpe.
337 4056 399 4110 Non
410 4054 494 4109 solum
504 4056 641 4108 affirman-
723 4056 779 4122 482.
790 4058 859 4108 Nece
864 4076 953 4124 preces
963 4061 1062 4109 anemos
1073 4067 1120 4112 etc.
1135 4057 1198 4111 Ma-

132 4133 164 4186 tis
184 4142 224 4187 est
239 4131 358 4203 (certo),
374 4133 418 4187 sed
432 4134 481 4186 hoc
493 4133 550 4186 loco
562 4133 642 4187 etiarn
691 4133 817 4201 nuscripti
825 4152 930 4201 omnes,
940 4145 1126 4204 preterunum
1136 4176 1143 4203 ,
1153 4137 1196 4203 qui

132 4209 211 4263 simul
222 4208 349 4263 mirantis
365 4220 392 4262 et
408 4208 599 4262 stomachantis.
610 4210 640 4262 B.
690 4210 769 4264 habet
787 4215 929 4281 supefica,
961 4213 1104 4283 praeseruut
1123 4216 1198 4266 verba

131 4286 252 4340 Mulsum
264 4288 344 4357 igitur
355 4297 457 4357 prestat
473 4297 505 4361 τῷ
519 4307 640 4356 namque,
686 4298 830 4357 precando,
843 4291 915 4360 quod
929 4293 992 4344 serri
1012 4293 1120 4360 nequit,
1138 4289 1197 4357 quia

136 4365 207 4436 quod
220 4365 263 4418 alii
275 4365 381 4420 habeut.
690 4368 812 4438 precedit
819 4388 914 4436 preces.
925 4370 1049 4423 Heinsius
1056 4365 1179 4422 suadebat
1189 4405 1195 4428 ‚

168 4446 225 4517 476.
234 4446 357 4499 Adversa.
366 4445 487 4514 Plerique
496 4456 596 4498 veteres
604 4466 642 4497 an
690 4455 771 4500 truces
788 4453 886 4500 anemos
899 4468 948 4513 per
965 4450 1041 4500 verba
1058 4447 1201 4512 prccanlr'a.

140 4529 232 4591 reptatu
245 4533 290 4576 aut
301 4525 443 4588 adversam,
460 4533 640 4588 anteversum,
692 4522 745 4576 Sed
753 4541 841 4591 neque
851 4531 932 4575 truces
940 4521 1070 4574 anrne'hic
1084 4518 1145 4573 satis
1154 4517 1207 4587 pla-
