2662 5092
74 39 1024 305 -

240 699 303 767 DE
332 695 503 764 OPERE
533 692 1066 763 METAMORPHOSEON.
1139 719 1180 788 27

152 835 202 924 lic,
223 867 303 939 qnos
322 855 416 911 tutos
432 865 502 910 esse
520 834 628 911 vellet.
662 839 703 909 ln
725 835 874 935 utrisque
890 833 1060 909 ⁴codicillis
1082 833 1183 908 iidem

150 990 239 1039 rusus
255 982 369 1051 erant,
385 964 422 1036 in
439 963 562 1062 quibus
574 960 817 1060 Serm’boeempne
828 959 943 1045 virum,
962 960 1185 1060 semivirumque

145 1086 243 1176 bem,
261 1108 311 1178 et,
330 1087 497 1189 Egebilum
513 1089 662 1171 Borean,
690 1084 914 1186 Egeledurnqne
929 1086 1059 1158 Notum.
1089 1087 1185 1157 Non-

144 1219 216 1296 nulla
229 1249 300 1294 non
317 1218 546 1320 amplificavit,
563 1217 621 1291 sed
635 1214 864 1319 prodigialiter
875 1216 975 1290 auxit.
994 1218 1035 1289 In
1048 1244 1115 1316 quo
1130 1243 1185 1311 ge·

140 1380 201 1428 nene
215 1369 297 1427 sunt
320 1378 457 1453 serpens
476 1349 592 1424 Cadmi
610 1367 643 1423 et
659 1347 906 1423 Erisicbthonis
922 1345 1034 1421 fames.
1065 1347 1187 1421 Prodi·

137 1479 214 1574 gium
231 1479 323 1553 enim
338 1494 404 1564 est,
420 1474 559 1577 qnodque
572 1475 789 1560 nrbibnsesse,
824 1470 976 1573 Quodque
989 1472 1063 1546 sobi
1071 1473 1187 1573 populo
1229 1501 1234 1516 ‘

130 1619 259 1700 murat,
286 1631 349 1676 non
363 1601 480 1703 soffri!
495 1601 557 1674 nni.

172 1731 210 1802 ln
226 1728 418 1804 omteonr'bns
429 1744 598 1829 spectatur
613 1726 697 1813 boe,
713 1742 838 1798 utnon
854 1723 963 1798 solnm
981 1721 1120 1797 consilio
1138 1721 1189 1794 di·

131 1853 246 1940 tentis,
265 1852 327 1926 sed
348 1869 382 1926 et
404 1880 555 1953 persona
580 1850 832 1925 accommodata
850 1849 941 1922 sint:
961 1876 1034 1948 qua
1051 1865 1189 1947 utraque

131 1975 199 2050 lans
211 1977 420 2051 orationibus
431 1978 499 2052 sere
513 1977 687 2065 omnibus,
706 2005 788 2078 quas
802 1975 866 2049 boe
883 2003 1013 2050 carmen
1030 1973 1189 2077 plurimas

130 2099 248 2188 babet,
268 2100 414 2176 debetur.
443 2100 666 2176 Nobilissimae
683 2115 778 2187 sunt,
798 2101 900 2187 XIII,
920 2096 1045 2198 1-378,
1065 2097 1189 2207 quibus

131 2225 208 2324 Ijax
225 2243 260 2300 et
279 2225 415 2328 Ulysses
435 2227 475 2300 de
493 2225 636 2302 Achillis
651 2226 750 2300 armis
766 2230 911 2312 certant,
931 2251 1071 2325 quarum
1088 2220 1189 2296 altena

133 2349 410 2447 indignationem,
433 2351 534 2427 altera
555 2351 766 2427 calliditatem
794 2352 914 2450 spirat,
932 2348 990 2422 illa
1015 2348 1191 2421 vehemens

135 2491 190 2558 est,
201 2475 272 2549 bne
283 2477 467 2578 composita
479 2494 512 2551 et
522 2475 701 2563 moderata,
712 2493 852 2573 utraque
866 2489 975 2546 autem
989 2471 1192 2566 argumentis

135 2597 317 2675 fortissimis
332 2620 470 2704 pugnat.
500 2602 712 2677 Dissuasoria
727 2599 848 2673 Pboebi
866 2596 908 2671 ad
929 2596 1189 2681 Phaethontem,

134 2725 178 2812 II,
199 2724 357 2816 50-102,
371 2756 441 2800 non
453 2728 555 2801 modo
570 2741 839 2823 argumentorum
851 2720 999 2824 pondere
1017 2737 1050 2793 et
1066 2719 1192 2793 delectu

134 2849 225 2938 valet,
239 2851 298 2926 sed
311 2870 346 2926 et
356 2853 501 2927 animum
513 2870 689 2954 paternum
698 2849 942 2950 sollieitnmepne
954 2847 1077 2949 prodit.
1091 2845 1194 2920 Plena

133 2977 320 3052 acerbitatis
334 2995 385 3053 est
400 2981 524 3066 oratio,
545 3007 610 3079 qua
627 2975 736 3078 Scylla
749 2973 1077 3068 Minonsugientem,
1092 2972 1190 3056 vlll,

136 3101 312 3195 nosrta,
331 3105 522 3181 insectatur,
543 3102 787 3178 Convenienter
796 3100 957 3199 majestati
970 3125 1037 3171 sune
1049 3095 1192 3197 Jupiter,

133 3224 160 3312 l,
185 3224 363 3319 182-243,
381 3228 471 3301 Deos
488 3244 689 3301 convocatos
706 3226 905 3328 alloquitur,
925 3223 1113 3324 sceleraque
1129 3224 1194 3297 bo-

135 3351 259 3424 minum
276 3351 387 3426 verbis
405 3352 605 3448 gravissimis
620 3368 725 3426 notat.
752 3350 908 3426 bidentes
929 3367 964 3424 et
983 3348 1025 3424 ad
1048 3377 1194 3424 eommo-

136 3476 273 3550 rendnm
287 3495 364 3579 apte
373 3475 488 3552 Tellus
499 3505 592 3551 suam
603 3477 786 3578 mundique
798 3503 928 3550 eausam
941 3477 1025 3572 agit,
1039 3477 1088 3564 ll,
1105 3501 1193 3575 279·

136 3593 212 3672 300.
236 3601 367 3675 Menam
384 3600 580 3702 zelotypiam
601 3617 635 3675 et
652 3601 734 3676 iram
751 3631 789 3676 ex
807 3602 859 3677 sui
881 3619 1048 3677 contemtu
1073 3600 1196 3674 evomit

127 3726 238 3814 Juno,
252 3729 306 3815 ll,
320 3725 362 3798 51
373 3725 470 3814 1-30,
482 3726 572 3826 apud
582 3727 673 3800 Deos
684 3726 840 3799 marinos.
851 3725 1007 3800 Praeclare
1016 3726 1195 3811 Pentheus,

133 3849 198 3938 llI,
214 3848 355 3922 531-63
366 3907 375 3938 ,
387 3880 406 3924 a
417 3850 496 3923 novi
506 3851 570 3924 Dei
583 3848 741 3937 mollitie,
756 3876 951 3923 asacromm
966 3851 1036 3949 ejus
1054 3850 1196 3950 strepitu

133 3976 165 4046 et
184 3980 207 4048 'a
233 3974 475 4048 Thebanorum
503 3976 633 4070 origine
661 3974 847 4049 deterrendi
869 3991 1063 4068 argumenta
1082 3975 1193 4048 sumit.

134 4097 267 4184 Niobe,
284 4100 402 4194 regina
423 4099 656 4188 celeberrima,
683 4098 918 4199 superbissime
945 4126 1049 4193 genus
1073 4126 1195 4186 snum,

134 4251 224 4324 opes,
234 4225 603 4324 numerosissimamqne
618 4223 746 4324 prolem
756 4226 871 4322 jactat,
888 4241 987 4324 atque
1004 4224 1197 4298 contemtim

133 4376 196 4448 pre
212 4378 248 4423 se
267 4352 431 4423 Latonam
448 4349 593 4449 spernit,
611 4351 678 4437 Vl,
711 4376 877 4450 170-202.
905 4351 1069 4424 Convenit
1091 4346 1197 4418 surori

131 4472 258 4570 juvenis
275 4475 407 4549 incitati
420 4494 454 4549 et
466 4474 594 4574 perdite
606 4475 745 4547 amantis
756 4475 882 4562 oratio,
903 4504 968 4572 qua
981 4472 1145 4558 Pboebus,
1162 4472 1196 4556 l,
