2662 5092
134 749 200 835 454
356 756 360 767 “
411 752 452 816 Ρ.
479 744 657 818 OVlDll
682 749 913 819 NASONIS

132 891 181 961 Ut
196 889 340 990 primum
357 888 464 963 soceri
482 887 557 962 data
569 888 684 988 copia,
703 887 835 962 dextera
851 888 978 963 dextrae

131 1006 153 1076 J
157 1005 311 1100 ungitnr;
331 1023 364 1078 et
379 1002 489 1079 fausto
507 1004 727 1078 committitur
744 1005 853 1079 omine
871 1032 993 1080 sermo.

132 1121 301 1221 Coeperat,
320 1119 480 1195 adventus
495 1147 644 1207 causam,
664 1121 818 1195 mandata
829 1120 955 1195 referre

134 1234 315 1334 Coniugis3
334 1253 368 1308 et
385 1234 505 1309 celeres
522 1235 630 1308 missae
645 1233 811 1335 spondere
825 1261 1007 1308 recursus:

133 1352 219 1424 Ecce
236 1351 326 1424 venit
339 1380 460 1445 magno
477 1349 568 1425 dives
585 1349 767 1425 Philomela
781 1367 921 1451 paratu;

135 1468 280 1542 Divitior
292 1467 399 1541 forma
415 1498 422 1539 :
441 1466 555 1567 quales
570 1467 682 1541 audire
701 1464 844 1540 solemus

132 1585 255 1659 Naidas
274 1601 306 1656 et
324 1583 472 1684 Dryadas
489 1583 606 1657 mediis
623 1583 772 1677 incedere
789 1581 899 1669 silvis,

130 1700 166 1775 Si
181 1700 283 1773 modo
302 1698 358 1774 des
374 1699 440 1774 illis
459 1698 569 1773 cultus
585 1699 772 1801 similesque
788 1715 940 1799 paratus.

131 1817 211 1888 Non
227 1841 320 1887 secus
336 1815 457 1888 exarsit
473 1832 649 1915 conspecta
666 1814 791 1910 virgine
807 1814 957 1899 Tereus,
1141 1827 1181 1896 455

134 1930 243 2026 Quam
258 1931 286 2004 si
303 1930 378 2030 quis
397 1929 488 2003 canis
504 1931 614 2024 ignem
631 1945 799 2031 supponat
815 1926 946 2013 aristis;

132 2047 202 2120 Ant
217 2045 385 2132 frondem,
403 2046 597 2146 positasque
615 2062 737 2120 cremet
752 2041 928 2117 sonitibus
944 2038 1079 2114 herhas.

133 2160 243 2256 Digna
261 2160 395 2261 quidem
413 2161 534 2235 iacies:
552 2160 609 2234 sed
625 2178 658 2233 et
672 2160 762 2233 hunc
774 2158 886 2232 innata
901 2154 1016 2229 libido

133 2274 350 2366 Exstimulat;
370 2306 581 2378 pronumque
596 2305 699 2375 genus
716 2274 912 2372 regionibus
931 2272 1001 2346 illis

133 2397 173 2467 ln
192 2396 351 2467 Venerem
369 2411 420 2467 est
436 2423 443 2467 :
460 2393 576 2490 flagrat
592 2394 674 2467 vitio
692 2393 866 2492 gentisque
882 2418 1030 2491 suoque.
1139 2407 1182 2476 too

131 2512 281 2610 Impetus
297 2528 348 2584 est
364 2509 434 2597 illi,
454 2510 613 2584 comitum
632 2537 842 2608 corrumpere
860 2535 998 2593 curam,

166 2716 220 2781 447.
234 2714 321 2766 Soceri
328 2715 390 2766 data
398 2718 478 2779 copia.
494 2714 526 2765 ln
538 2711 636 2766 Codice
686 2711 746 2765 Vid.
755 2711 952 2777 schwartzius,
966 2711 1002 2765 ad
1012 2712 1093 2765 Plinii
1103 2712 1184 2777 Pence

133 2790 216 2858 Regio
230 2789 271 2855 Α,
286 2798 344 2859 post
359 2796 443 2843 soceri
457 2790 580 2845 inseritur
591 2796 638 2842 est.
686 2790 764 2856 lh-
775 2791 838 2842 Mox
850 2789 1048 2855 Burmannus,
1061 2810 1090 2843 er
1104 2786 1185 2842 codiee

133 2896 166 2908 —
184 2869 220 2918 E!
229 2867 320 2934 fausto
338 2869 509 2922 Burmannus
527 2887 542 2920 o
557 2867 637 2921 MSS.
686 2867 822 2931 Leidensi,
836 2871 882 2918 illi.
896 2866 935 2920 At
946 2867 1075 2939 Dryades
1084 2884 1187 2935 nonpa-

133 2944 204 2998 dedit
217 2964 265 3014 pro
277 2945 405 3012 infausto,
418 2945 489 3013 quod
501 2946 564 2998 olim
575 2945 638 2997 ede-
685 2959 744 3000 ratu
770 2945 955 3001 memorabiles
976 2958 1051 3001 sunt.
1075 2944 1189 3000 Remi

134 3026 217 3078 batur.
228 3052 262 3064 -
272 3022 364 3076 Codex
374 3024 416 3090 A,
432 3024 561 3091 shsstuslm·
578 3021 640 3075 Co·
686 3042 749 3091 ergo
762 3028 822 3076 illis.
842 3022 947 3077 Confer
960 3026 972 3078 Ι
985 3064 995 3091 ,
1015 3026 1065 3096 595
1078 3043 1130 3093 sqq.
1141 3023 1189 3074 ve·

131 3103 179 3156 des
189 3104 226 3169 B,
239 3102 372 3170 etfama.-
381 3098 637 3169 utrumquedesendi
686 3101 847 3155 hementiam
858 3102 959 3154 amoris
973 3101 1074 3171 duplici
1083 3099 1191 3154 similitu-

132 3192 224 3249 potest.
232 3177 638 3245 Ed-Faustooarr'aemQuale
687 3179 749 3231 dine
768 3178 898 3231 illustrare
919 3179 1024 3241 voluit:
1046 3180 1090 3234 sed
1107 3187 1189 3230 neutra

132 3257 159 3309 id
172 3276 252 3310 omen
263 3255 360 3320 fuerit,
379 3264 424 3306 aut
436 3252 638 3320 undecuplum,
687 3255 783 3324 placet,
797 3255 857 3322 quia
869 3255 946 3323 ignes
960 3256 1001 3308 illi
1015 3268 1044 3310 et
1055 3274 1122 3309 amor
1131 3263 1188 3306 sunt

133 3352 188 3387 non
199 3333 272 3387 addit
283 3333 386 3387 Noster.
395 3330 448 3384 Sed
455 3328 576 3383 credibile
583 3340 639 3395 est,
687 3351 729 3385 res
740 3331 929 3386 diversissimo.
941 3331 1020 3387 Cum
1031 3336 1112 3403 priore
1122 3331 1187 3393 (Η,

134 3409 391 3466 'l'ereablandissima
399 3408 477 3460 verba
486 3406 637 3475 protulisse:
687 3413 721 3483 49
737 3452 743 3464 .
755 3439 788 3451 -
800 3413 889 3471 Caris,
909 3422 939 3465 ut
953 3413 983 3477 l,
1002 3433 1059 3466 nro.
1069 3438 1101 3452 -·
1113 3412 1190 3463 Hah

133 3491 203 3561 quod
213 3502 239 3544 et
247 3487 639 3555 dextrarumconjunctio,qnse
683 3493 773 3554 postte
787 3486 922 3554 senr'lr‘bas
945 3507 1026 3542 mera
1049 3484 1188 3559 periphrasis

133 3567 225 3637 optimi
244 3567 339 3619 ominis
350 3575 422 3631 erat,
436 3562 541 3616 indicat.
558 3564 639 3617 Non·
686 3563 786 3619 sonito.

133 3644 199 3698 dnm
215 3644 288 3696 enim
304 3642 400 3712 aliquid
419 3641 522 3696 sceleris
539 3641 640 3695 Tereus
719 3644 881 3710 filistim.
891 3643 1011 3709 scilicet,
1022 3643 1188 3710 talitantotptt

134 3721 325 3784 meditaturum
343 3732 432 3789 postea
443 3720 568 3787 demum,
587 3720 640 3773 visa
687 3738 784 3773 amore.
796 3745 829 3760 -
839 3720 891 3770 Sed
899 3727 927 3771 e!
939 3722 1019 3773 hanc.
1030 3721 1188 3774 Burmannus

133 3798 296 3864 Philomela,
309 3797 337 3849 in
350 3798 407 3863 ejus
419 3815 537 3850 amorem
548 3795 639 3849 iucen·
687 3797 855 3851 malitsedad
862 3798 926 3856 hoc,
946 3795 975 3848 id
986 3808 1045 3863 est,
1059 3807 1187 3866 pretereo,

132 3894 175 3929 sus
191 3885 237 3928 est.
257 3895 271 3920 a
294 3870 338 3927 ste
361 3874 538 3929 Burmannus.
559 3874 638 3926 Forte
687 3886 782 3946 etpost
798 3878 915 3929 Venerem
925 3874 1000 3930 delet
1011 3878 1185 3933 est-Gem.

132 3973 203 4006 omer
219 3953 261 4006 hic
276 3971 324 4021 pro
338 3952 463 4023 precibus.
486 3952 589 4017 Livius,
610 3951 639 4003 in
686 3956 796 4020 scilicet,
807 3954 973 4022 humanum,
984 3955 1189 4025 populus'l'hn·

131 4032 299 4100 pretatione,
313 4034 641 4084 Cambone'soaar'm'busvo-
687 4053 729 4088 ces
740 4044 828 4087 autem
841 4043 868 4086 et
880 4033 1015 4089 vinolenti
1032 4045 1060 4095 et
1075 4034 1187 4104 proclives

131 4115 211 4178 lisque
220 4116 336 4178 decipere.
687 4111 715 4165 in
730 4110 871 4166 Venerem.
890 4111 1059 4167 immoratur
1069 4109 1187 4166 causisil·

164 4188 220 4251 451.
231 4190 336 4248 Parata,
348 4199 458 4253 ornatu,
470 4199 499 4241 ut
512 4190 561 4254 lV,
574 4190 617 4258 761
629 4227 638 4256 ,
686 4191 736 4245 lius
747 4192 852 4257 suroris,
863 4192 924 4260 quia
934 4191 999 4247 inde
1008 4193 1185 4247 auodnimu

131 4261 301 4317 noredictum
310 4266 639 4327 —Dr'rils'or,excellentior.
686 4272 792 4325 facinus.
807 4271 1186 4326 Monimsuroetsseduloue

131 4343 286 4403 -Incedcre
296 4344 328 4398 de
338 4347 381 4412 iis,
391 4345 638 4416 quicumdignitate
687 4360 740 4413 tat,
753 4360 808 4402 tam
819 4349 969 4416 internam,
984 4368 1067 4419 quarn
1082 4368 1110 4403 se
1121 4364 1186 4401 exse·

129 4418 243 4490 quadam
260 4434 304 4473 aut
319 4426 454 4491 majestate
476 4436 540 4478 eunt
559 4437 637 4495 atque
685 4427 767 4480 rentis
780 4426 891 4480 Athenis
902 4437 929 4480 et
942 4426 972 4480 in
985 4429 1090 4483 itinere.

127 4497 215 4552 oculos
232 4496 371 4552 homiuum
385 4503 412 4554 in
425 4521 452 4555 se
471 4515 636 4559 convertunt
718 4506 774 4571 461.
794 4508 917 4560 Cometen
936 4525 1026 4561 cam
1046 4511 1188 4571 utn'ce'mt
