2662 5092
128 752 191 816 aia

412 751 451 815 P.
480 750 657 818 ovtn11
681 743 908 817 NASONIS

128 887 322 988 Seposuisse
339 917 469 983 graves,
487 918 652 991 vacuaque
670 889 810 985 agitasse
822 888 980 963 remissos
1206 980 1209 991 Ι

131 1004 219 1077 Cum
235 1006 368 1077 Junone
383 1005 496 1103 jocos.;
512 1023 564 1095 et,
584 1007 694 1105 Major
708 1023 817 1080 vestra
833 1005 984 1107 prolecto
999 1023 1064 1094 est,'
1114 1024 1146 1075 tu
1203 996 1209 1019 ¹

133 1119 243 1215 Quam
262 1147 334 1219 quae
351 1121 522 1217 contingat
538 1123 702 1211 maribus,
721 1122 863 1210 dixisse,
880 1120 1041 1224 voluptas

131 1232 193 1306 llla
208 1251 307 1329 negat
322 1233 492 1335 :·-placuit‚
512 1265 583 1337 quae
599 1239 643 1311 sit
658 1238 821 1312 sententia
837 1236 930 1311 docti

131 1350 285 1446 Quaerere
302 1350 435 1424 Tiresiae
451 1353 588 1426 :Venus
604 1352 684 1425 huic
699 1370 769 1426 erat
784 1370 929 1453 utraque
941 1369 1028 1427 nota.

131 1471 216 1542 Nam
232 1468 300 1541 (luo
316 1496 510 1563 magnorum
524 1468 620 1541 viridi
638 1467 791 1541 coeuntia
807 1467 891 1541 silva

132 1584 284 1684 Corpora
301 1599 491 1684 serpentum
505 1582 618 1657 baculi
635 1582 813 1657 violaverat
831 1584 927 1656 ictu:
1127 1599 1159 1654 tit

133 1699 248 1799 Deque
265 1698 336 1772 viro
353 1698 480 1786 factus,
497 1698 666 1773 mirabile!
683 1698 820 1784 semina,
841 1715 971 1799 septem

132 1813 255 1908 Egerat
271 1830 447 1886 autumnos
464 1830 603 1886 :octavo
624 1841 739 1887 rursus
757 1811 889 1886 eosdem

132 1928 248 2014 Vidit3
265 1946 317 2015 et,
339 1962 356 1993 «
373 1931 436 2001 Est
452 1946 565 2002 vestre
582 1929 610 2002 si
627 1946 717 2003 tanta
733 1929 883 2030 potentia
899 1925 1030 2028 plage,

138 2077 154 2108 n
175 2043 290 2131 Dixit,
307 2060 346 2117 ut
362 2043 505 2117 auctoris
522 2061 645 2118 sortem
663 2044 699 2116 in
713 2043 877 2117 contraria
893 2057 1023 2128 mutet3

136 2193 154 2223 »
173 2161 271 2231 Nunc
283 2187 416 2259 quoque
426 2187 487 2232 vos
498 2158 620 2232 seriam.
637 2192 655 2224 »
669 2159 837 2232 Percussis
849 2153 1162 2253 anguibusistmn

135 2276 253 2347 Forma
271 2274 363 2374 prior
379 2272 495 2361 rediit,
515 2274 722 2375 genitivaque
739 2303 855 2349 narsus
870 2275 996 2370 imago.

133 2391 271 2466 Arbiter
286 2391 341 2464 hic
358 2391 462 2487 igitur
479 2408 608 2466 sumtus
626 2391 666 2465 de
682 2390 739 2463 lite
753 2391 886 2489 jocosa,

134 2509 232 2581 Dicta
247 2508 270 2579 J
271 2507 342 2580 ovis
356 2504 464 2580 firmat
479 2535 486 2578 :
503 2506 633 2602 gravius
651 2505 805 2582 Saturnia
819 2505 931 2605 justo,

134 2717 247 2766 trahitur.
263 2712 319 2768 Cic.
339 2714 399 2768 Lat.
419 2716 457 2768 13.
474 2714 569 2768 Noster
581 2715 636 2777 IV,

135 2795 183 2862 754
192 2814 198 2847 ε
208 2800 426 2862 μπεωείιπιιηενε
437 2797 540 2848 Bacchi
548 2794 640 2863 Bissu-

134 2873 192 2923 dere
203 2872 641 2941 anieron-Seposuisseelegantius,

136 2968 228 3017 quam,
238 2949 308 3019 quod
317 2951 359 3003 alii
368 2951 480 3017 habent,
491 2956 643 3019 deposuisse.

136 3057 169 3069 -
176 3030 271 3083 Noster
282 3030 410 3098 Regiusrl
420 3035 602 3100 ,supposuisse
611 3057 645 3071 -

136 3107 229 3177 Virgil.
237 3107 380 3173 AEneid.1‚
394 3108 455 3172 562,
468 3111 590 3160 secludite
598 3127 644 3159 cu·

137 3203 225 3236 ras-
233 3187 333 3246 Vacua,
344 3183 505 3250 alaboribus,
515 3183 603 3236 otiosa
612 3211 644 3224 -

137 3265 280 3324 Remum,
293 3261 370 3330 paulo
381 3261 514 3313 liberiores
524 3271 551 3312 et
562 3269 644 3328 petu-

136 3339 267 3394 lantiores
278 3367 312 3380 -
321 3341 462 3407 Contingat.
474 3335 566 3391 Codex
578 3337 643 3407 fleg.

139 3420 178 3481 Α,
190 3426 332 3489 coium,-
347 3416 439 3471 codex
449 3419 488 3485 B,
500 3421 628 3484 contingit.

171 3499 227 3551 322.
235 3497 529 3569 Boctleoctusstopie),
537 3497 571 3550 ob
578 3494 646 3548 ‹livi-

141 3575 223 3629 nandi
235 3578 361 3646 peritiam
374 3577 466 3630 Libros
477 3575 556 3628 etiam
566 3574 644 3643 scrip·

137 3654 198 3709 sisse
206 3655 317 3708 traditur
324 3656 444 3710 Tiresias.
452 3681 486 3696 ·-
496 3657 591 3717 Vesus,
600 3671 646 3704 vo·

138 3733 224 3803 luptas
234 3752 354 3787 venerea.
366 3735 498 3798 AElianus,
514 3731 603 3785 Anien
615 3731 643 3797 l,

139 3817 186 3881 25,
199 3825 311 3870 ustvuuslv
321 3815 444 3884 ippolitus
455 3815 565 3886 lentipes.

172 3897 228 3962 324.
244 3898 322 3948 coire.
335 3892 377 3945 De
389 3903 448 3946 actu
457 3910 572 3945 venereo
584 3889 645 3943 dici·

141 3983 191 4027 tur.
206 3973 320 4027 Tiresias
337 3971 453 4039 primum
472 3971 584 4024 violabat
601 3971 646 4023 se-

140 4050 246 4102 mellam
256 4070 302 4104 seu
310 4048 469 4115 (lucenam,
482 4050 527 4103 sed
540 4058 644 4117 postea,

141 4127 174 4178 ab
193 4127 314 4195 Apolline
334 4126 469 4190 monitus,
502 4124 646 4179 masculum

142 4205 292 4258 draconem.
310 4206 428 4257 Ttuetses
444 4206 472 4256 in
489 4205 646 4275 Lycophro-

142 4301 222 4346 nem,
238 4280 375 4333 Cassandr.
390 4300 454 4334 vers.
468 4282 524 4332 583.
540 4308 573 4320 --
584 4284 645 4336 Au-

140 4369 255 4421 tumnus,
271 4376 360 4411 annos.

176 4441 232 4513 329.
245 4440 350 4497 Sortem,
361 4457 466 4504 sexum,
479 4440 570 4504 utvt,
583 4440 644 4507 680,

145 4519 198 4585 tx,
210 4519 290 4588 67.·-
300 4517 455 4585 Vossm'an.
466 4517 645 4586 Unuspercu·

691 2719 765 2776 tibus,
776 2712 846 2783 quod
859 2712 943 2782 placet
955 2711 1120 2776 Bormanon,
1128 2721 1168 2775 qut

692 2792 803 2848 Ovidius
814 2791 961 2845 delectatur
971 2785 1170 2860 repetitioni*

692 2872 753 2925 dem
765 2872 883 2925 verbi-
893 2870 985 2923 Nostri
996 2866 1087 2938 Regii,
1096 2860 1172 2930 utst-

690 2956 762 3003 riam.
777 2977 810 2989 -
821 2951 928 3000 Rursus.
947 2946 1077 2999 Heinsius
1086 2942 1130 2996 bot
1136 2955 1173 2989 w·

692 3028 814 3080 eubulum
827 3025 924 3078 mutari
942 3024 1000 3077 vult
1012 3024 1041 3075 in
1055 3022 1174 3075 Adtu-

693 3102 1175 3174 Nostrinegii‚5ea1·tuaqueoeuthss

692 3211 726 3226 ·-
736 3188 837 3252 Imago,
851 3183 953 3247 forma,
966 3191 1073 3234 natura.
1081 3175 1175 3229 -θοί-

693 3271 756 3325 trra,
770 3271 899 3327 connata,
914 3279 998 3329 quam
1014 3257 1176 3324 habuitqu-

693 3351 850 3394 nasceretur.
860 3338 997 3407 Augustus
1006 3335 1115 3389 babebat
1121 3331 1176 3399 {fli-

691 3425 758 3472 ts'uas
769 3425 857 3480 notus,
867 3417 981 3470 Sueton.
990 3414 1055 3470 Ort
1066 3416 1104 3467 80.
1115 3408 1175 3464 este

692 3517 753 3551 rum
766 3497 872 3552 bucino.
886 3495 919 3549 de
934 3494 1034 3549 Astrol.
1046 3486 1176 3556 memte

692 3574 781 3627 bulam
797 3574 830 3627 de
845 3573 954 3627 Tiresiae
973 3564 1175 3626 trunitanus·

693 3651 794 3706 fluxisse
807 3650 883 3715 inde,
897 3649 971 3720 quod
983 3648 1098 3702 Tiresias
1105 3644 1175 3699 dont·

693 3731 728 3782 sit
745 3730 830 3784 stellas
849 3729 973 3782 erraticas
993 3746 1050 3781 esse
1069 3724 1176 3788 utriusq·

693 3826 782 3871 serus;
802 3824 859 3876 quae
876 3805 1063 3874 interpretatio
1078 3820 1128 3857 non
1140 3793 1176 3851 ti·

693 3886 803 3941 modum
820 3885 950 3939 dissimilis
963 3897 1003 3940 est
1015 3886 1059 3952 ei,
1079 3874 1176 3955 qumis

694 3966 807 4020 Atlantis
815 4006 823 4031 ‚
831 3964 988 4019 Promethei
997 3954 1177 4031 altorumque&

693 4046 759 4099 bulis
771 4044 874 4098 exbibet
886 4043 1001 4110 Cicero,
1014 4043 1093 4098 Tusa.
1106 4042 1140 4105 t,
1149 4048 1178 4089 us

727 4124 783 4176 333.
797 4125 907 4186 Manat,
925 4122 1077 4176 confirmat.
1089 4120 1179 4173 Laelit

693 4204 721 4255 in
737 4203 846 4272 Argum.
858 4209 956 4254 tutatur
964 4206 1116 4255 sententia
1121 4196 1180 4250 Just

695 4284 809 4347 Versus,
828 4281 922 4349 quibus
934 4279 1003 4333 dicta
1016 4281 1091 4333 Jovis
1101 4271 1181 4333 cwfit‘

694 4361 791 4427 mavit,
814 4361 912 4413 habent
927 4357 1052 4428 Apollod.
1072 4370 1098 4412 et
1115 4348 1182 4410 8th

694 4439 776 4491 Hom.
788 4447 848 4500 Olsv
857 4445 898 4506 plu
905 4446 989 4513 μοίρην
999 4442 1054 4491 u'isoe
1063 4433 1184 4510 perpriscis

694 4543 759 4575 sessu
767 4519 836 4587 ἁνὴρ,
847 4520 895 4576 Τὰς
904 4523 929 4570 s'i
941 4515 987 4571 Μ
995 4516 1183 4584 tuximtmroi
