2662 5092
1129 268 1210 278 .t-,

143 649 210 743 [μη
419 653 457 717 Ρ.
488 653 929 725 0v1n11uls0urs

143 790 193 864 Ne
211 807 319 863 tamen
333 788 390 863 ille
406 818 520 877 canor,
538 790 728 865 mulcendas
743 809 842 868 natus
859 794 903 867 ad
919 824 1030 886 aures,

143 909 314 1007 Tantaque
332 905 393 980 dos
411 906 480 980 oria
496 905 616 1001 lingue
632 907 826 1008 deperderet
843 938 965 999 usum,

145 1023 293 1118 Virginei
311 1019 445 1108 vultus,
464 1040 498 1097 et
516 1051 578 1096 mx
594 1023 739 1097 humana
752 1024 922 1099 remansit

196 1178 214 1210 s
232 1144 280 1216 At
294 1139 422 1216 medius
439 1137 614 1239 fratrisque
630 1139 683 1213 sui
698 1159 890 1241 moeatoeqne
907 1146 1050 1235 sororis,

142 1261 276 1362 Jupiter
290 1284 330 1329 ex
346 1282 442 1355 aquo
458 1251 643 1329 volventem
661 1254 780 1329 dividit
797 1286 934 1332 annum.
1137 1284 1172 1339 tu

141 1381 238 1453 Nunc
252 1375 344 1460 Dea,
362 1397 539 1465 regnorum
550 1399 675 1445 numen
693 1400 869 1448 commuue
888 1374 1047 1463 duorum,

142 1495 228 1568 (lum
245 1505 347 1563 matre
364 1502 415 1560 est
432 1485 589 1573 totidem,
606 1486 746 1561 totidem
763 1516 839 1562 cum
857 1492 1002 1590 conjuge
1018 1523 1135 1570 meuses.

140 1607 291 1682 Vertitur
306 1600 472 1701 extemplo
487 1601 605 1689 facies,
625 1619 658 1676 et
673 1603 810 1692 mentia,
826 1623 861 1678 et
876 1606 970 1694 uris3

140 1728 245 1808 Nam,
261 1718 361 1794 modo
379 1744 452 1818 quae
467 1735 602 1816 poterat
616 1717 688 1790 Diti
703 1748 837 1820 quoque
854 1741 976 1797 moesta
993 1724 1108 1814 videri,

139 1842 228 1914 Laeta
247 1838 325 1908 Dea
341 1834 433 1907 frons
450 1850 521 1919 est;
541 1849 580 1906 ut
597 1832 677 1921 Sol,
697 1836 755 1935 qui
773 1854 881 1911 tectus
898 1841 1034 1940 aquosis
1134 1862 1174 1932 eqo

140 1951 295 2026 Nubibus
311 1968 385 2024 ante
399 1948 482 2034 luit,
501 1948 597 2022 vietis
614 1949 676 2022 ubi
691 1952 842 2025 nubibus
860 1955 940 2028 exit

189 2102 208 2134 »
229 2066 343 2161 Exigit
356 2065 441 2138 alma
457 2054 571 2146 Ceres,
586 2082 663 2138 nata
679 2094 794 2140 secura
810 2087 966 2169 recepta,

31 2288 34 2295 Ι
140 2226 246 2298 giusB,
261 2228 357 2285 sabito,
380 2221 450 2291 quod
469 2222 531 2274 ferri
544 2233 646 2290 μοίρης
695 2224 756 2294 pina
767 2236 793 2278 et
805 2223 912 2291 Diana,
928 2247 959 2280 ex
972 2246 1051 2296 equo
1062 2238 1183 2296 utruque

138 2316 165 2358 at
173 2299 439 2357 CodicisAlectioest
448 2308 543 2350 notatu
551 2298 645 2368 dignu
693 2300 926 2372 hemispherium,
940 2306 1061 2374 superius
1069 2317 1135 2375 uque
1144 2306 1183 2359 in·

137 2382 232 2438 seilicet
243 2402 249 2435 :
261 2385 367 2432 rhedas
379 2380 487 2431 Vidistis
496 2384 595 2430 vestros
605 2397 648 2431 su·
696 2377 777 2431 serius
787 2379 905 2432 illustret.
918 2383 971 2433 Et.

138 2466 207 2514 tuas
216 2461 354 2527 florescere
364 2473 485 2522 pennas:
501 2473 556 2508 non
578 2453 647 2506 male
728 2455 996 2516 sathanacenses.
1009 2459 1187 2513 alleetioanimi.

137 2549 225 2604 certe,
244 2534 289 2589 setl
309 2543 397 2586 tamen
416 2532 503 2586 minus
517 2532 646 2585 concinne
695 2558 728 2572 -
739 2536 801 2585 De'lr'
818 2553 921 2601 quoqne.
934 2572 936 2577 -
947 2535 1020 2605 Ejus
1040 2537 1107 2590 enim
1124 2543 1189 2603 capel

138 2627 166 2670 et
177 2616 311 2685 eleganter
325 2629 404 2681 quam
418 2610 529 2679 vulgata.
541 2611 590 2662 Ed.
695 2615 853 2663 mestissima
868 2614 950 2664 nubes
975 2614 1087 2680 Aspen!
1102 2621 1127 2666 el
1139 2616 1187 2665 ete

173 2692 229 2746 551.
242 2694 324 2744 Natus
335 2692 378 2741 ad.
393 2687 461 2741 Vide
473 2686 506 2739 ad
518 2688 546 2741 ll
559 2727 566 2753 ‚
580 2688 645 2753 223,
694 2693 758 2756 re'ffel
772 2692 933 2743 inclementer
945 2691 1054 2758 some.
1072 2692 1188 2746 Clamllu.

35 2781 43 2797 ⁸
138 2780 213 2828 unlus
231 2775 270 2825 ad
281 2790 357 2823 sacra
371 2771 514 2832 Citheron,
534 2777 561 2820 et
579 2766 646 2819 infra
696 2765 727 2829 I,
745 2766 784 2817 δι.
800 2766 831 2819 lu
846 2765 871 2818 h.
887 2768 1008 2822 Homer.
1025 2773 1087 2837 445,
1101 2770 1189 2838 Jupiter

139 2851 385 2924 Suu-Demeter.
397 2844 488 2899 Codex
499 2844 646 2914 RegiuaB,
695 2861 743 2910 per
763 2842 865 2894 Rheam
891 2842 992 2899 Cereri
1014 2848 1091 2901 ollert
1108 2844 1188 2900 mll-

138 2951 169 2984 ne
174 2934 288 2999 perdere!
295 2949 303 2980 .·
315 2926 369 2981 bec
381 2925 557 2995 repetitio,ne
564 2932 646 2977 tames
695 2920 794 2972 tionem
808 2919 890 2984 hane,
907 2932 937 2974 ut
945 2922 1002 2976 filia
1012 2927 1113 2979 tertiam
1121 2925 1188 2991 tuine

137 3015 181 3063 ille
202 3027 367 3061 canor.......
387 3024 420 3057 se
433 3007 559 3069 perderet,
585 3013 646 3056 ante
696 3016 746 3064 que
759 2998 820 3050 anni
836 3008 941 3066 partem
953 3019 1021 3053 eum
1034 3002 1139 3055 Plutone
1148 3002 1188 3061 sit.

137 3105 222 3142 unum
234 3085 344 3138 verbum
357 3081 471 3135 insolens
483 3079 646 3145 est,etiamsi
695 3073 758 3126 diras
783 3075 896 3142 reliquas
920 3097 986 3130 cum
1011 3079 1065 3148 ipsa
1086 3079 1112 3131 in
1131 3077 1188 3131 calu

142 3161 298 3233 quibusdam
306 3178 363 3213 non
378 3158 486 3226 ingrata.
496 3158 547 3207 Ed„
697 3152 857 3206 Conditione
872 3173 906 3206 ea
918 3168 1029 3227 accepta
1038 3198 1046 3223 ,
1056 3157 1189 3227 agrlsuber·

171 3240 226 3305 564.
233 3240 335 3290 Medius
335 3235 430 3304 fratris
438 3237 576 3295 elsororr's;
588 3251 644 3284 me·
694 3240 772 3283 tatem
792 3230 887 3284 reddit
901 3233 946 3286 ste
962 3245 992 3288 et
1013 3234 1124 3305 Apottot
1135 3233 1189 3285 rau

137 3316 195 3370 dius
207 3318 277 3368 inter
286 3315 394 3367 fratrem
405 3322 431 3363 et
443 3328 560 3363 sororem
572 3347 580 3374 ,
593 3309 644 3363 troc
692 3308 753 3361 inde
765 3319 851 3363 ortam
861 3322 937 3378 putat
949 3312 1043 3366 Schol.
1055 3311 1188 3367 {tuimet

136 3405 190 3459 est,
204 3394 307 3462 utrique
316 3410 388 3459 eque
400 3386 642 3452 lavenslloratll,
693 3387 744 3440 Th.
756 3390 822 3457 914,
842 3389 904 3456 quia
917 3391 1030 3460 frugum
1043 3392 1138 3445 semina
1146 3389 1187 3442 ab·

138 3469 192 3523 od.
202 3484 267 3536 xlx,
283 3470 328 3534 28,
339 3470 417 3520 Pacis
428 3468 524 3527 wdeus
536 3471 562 3516 el
569 3468 641 3527 belli,
692 3476 755 3534 quot
767 3484 870 3517 menses
879 3468 929 3519 sub
941 3478 1017 3522 terra
1026 3470 1132 3533 lateant,
1142 3466 1187 3520 reb

136 3549 233 3613 idest,
256 3550 359 3617 utrique
383 3565 456 3614 teque
480 3543 643 3596 idoneua—
691 3561 774 3611 quum
792 3553 896 3611 tempus
920 3563 1004 3614 supra
1024 3557 1121 3600 terram
1136 3562 1185 3597 ter·

142 3629 301 3687 Volvcnlenr,
326 3625 444 3689 seilicet,
463 3642 511 3689 se,
533 3621 642 3675 verbum
690 3634 798 3676 uantur.

136 3716 227 3776 aptum
236 3704 268 3757 ‹le
279 3704 389 3758 decursu
397 3703 475 3767 anni,
487 3703 530 3770 qui
539 3720 642 3770 semper
723 3701 842 3768 572-541.
852 3701 985 3766 Alpheus,
1003 3703 1069 3757 dum
1079 3703 1188 3757 Ambe

136 3785 163 3835 in
172 3784 263 3836 orbern
276 3783 353 3834 redit.
365 3783 476 3833 Homer.
486 3786 532 3839 lm
543 3783 643 3855 reperto*-
690 3776 812 3848 Nympha
831 3778 858 3830 in
879 3780 938 3846 ejus
957 3779 1073 3834 flumine
1094 3781 1185 3837 lavaur.

134 3864 298 3929 pamm-Ex
308 3878 391 3926 equo,
411 3859 437 3909 in
451 3877 537 3926 equas
548 3869 642 3927 partes.
690 3872 779 3906 amore
797 3855 854 3921 ejus
872 3855 987 3909 ardescit
1006 3858 1185 3927 lugientem!

134 3964 166 3978 -
177 3939 239 3991 Cum
250 3943 346 3995 malm·
364 3945 393 3986 ut
408 3954 455 4002 per
466 3953 508 3986 ser
521 3954 640 4000 menses,
689 3933 869 3999 persequitur;
893 3944 921 3985 et
937 3935 985 3986 ubi
1000 3934 1043 3988 illa
1056 3936 1086 3987 in
1101 3934 1185 3986 {nutu

134 4015 227 4081 quibus
237 4013 316 4066 sotio
329 4010 454 4079 signisest
464 4012 639 4077 Australibus,
689 4017 824 4073 mutatur,
839 4020 864 4061 et
879 4010 933 4079 ipse
946 4011 976 4062 iu
989 4013 1110 4081 proprias
1120 4007 1186 4062 uult

133 4091 201 4159 apud
223 4092 348 4143 maritum
372 4088 420 4152 sit,
437 4088 504 4139 inira
524 4100 638 4152 terram,
689 4087 807 4143 vertitur.
828 4097 856 4137 ut
870 4106 897 4139 se
917 4087 941 4138 ei
964 4089 1084 4141 misceat.
1104 4086 1185 4139 coner

131 4185 174 4219 aer
182 4162 540 4236 ali0s,quibusvisitBorealia
548 4185 638 4235 regna,
688 4163 799 4216 Pausan.
812 4165 846 4229 V,
860 4183 884 4231 p.
897 4164 946 4235 389
957 4185 1015 4234 sqq.
1025 4167 1106 4235 quiet
1116 4162 1184 4221 «llil.

132 4254 285 4309 emergant,
299 4250 491 4301 maturescant,
506 4240 532 4291 in
544 4240 639 4296 horrea
687 4241 779 4293 fabule
793 4240 854 4293 inde
872 4242 961 4294 locum
977 4243 1089 4309 datum,
1103 4239 1184 4311 quirit

133 4316 306 4384 deportentur
315 4321 408 4388 fruges.
418 4316 467 4368 l'el
477 4317 555 4368 etiam
568 4319 638 4386 quod
687 4318 848 4370 Arethusam
866 4319 972 4371 sontem
1000 4313 1126 4374 illabatur
1143 4315 1185 4369 lll‹

131 4392 220 4456 Luna,
233 4411 291 4459 quae
303 4395 397 4447 eadem
409 4403 448 4445 est
460 4411 517 4460 quae
526 4394 638 4448 Proser·
686 4395 786 4464 pheus;
805 4397 838 4449 de
862 4416 915 4465 quo
931 4418 1025 4453 errore
1046 4399 1143 4453 dictum
1157 4391 1183 4446 ²³
