2662 5092
242 696 302 766 DE
327 693 501 766 OPERE
527 693 1055 768 METAMORPHOSEON.
1140 704 1182 768 aa

157 835 398 937 qudquemalosuit
404 838 511 913 usaria
518 838 595 922 r'llu,·
609 856 668 912 aut
675 838 831 912 minutias
843 867 955 912 curare
965 867 1012 913 vs.
1029 863 1095 911 211
1107 867 1180 940 sqq.

148 960 253 1064 fiatque
274 964 403 1063 (tellus)
420 966 486 1064 agit
507 965 615 1049 ninas,
644 979 676 1037 et
695 965 790 1037 succus
810 980 876 1038 aret
897 964 1031 1039 adeum
1059 965 1184 1040 Pabula

156 1105 281 1163 cueuuat
287 1120 300 1174 ;
315 1116 401 1163 vers.
422 1085 491 1162 252
504 1116 598 1188 sqq,
612 1113 681 1189 quoe
691 1088 848 1162 Moearrr'ar
858 1089 1042 1163 celebrarant
1056 1091 1184 1163 conane
1282 1179 1288 1193 ,

157 1211 226 1309 ritas,
243 1215 416 1290 Flumineus
429 1215 567 1288 uolucres
581 1214 677 1288 taedeo
698 1214 815 1287 caluere
836 1213 974 1323 Oryrtro.
992 1217 1080 1314 Quis
1097 1218 1184 1293 enim

156 1329 247 1413 dnm
265 1339 357 1436 gravi
374 1336 556 1413 calamitate
575 1366 754 1439 cygnorum
772 1337 913 1414 calorem
930 1345 1048 1415 curet?
1071 1343 1186 1417 Sedet

154 1482 212 1535 vers.
228 1463 296 1537 265
313 1492 388 1565 sqq.
405 1462 566 1563 delphinas
580 1461 679 1536 nobis
695 1462 842 1536 ostendit
862 1461 1038 1540 latitantes.
1066 1468 1135 1540 Nec
1151 1465 1186 1538 iu

150 1587 227 1677 pots
240 1585 479 1686 descriptione,
494 1588 578 1671 Vll,
597 1583 667 1657 538
680 1612 753 1688 sqq.
766 1640 776 1673 ,
791 1585 927 1660 modum
937 1587 1085 1662 serravit.
1100 1591 1186 1663 Rec-

149 1705 196 1783 lios
209 1729 293 1785 certe
311 1711 467 1784 abessent
480 1708 557 1797 illa,

205 1863 272 1923 Non
285 1883 353 1944 aper
366 1861 448 1922 irasci
461 1859 607 1933 meminit3
626 1882 679 1921 nec
692 1861 779 1921 fidere
793 1883 878 1924 cursu

208 1961 317 2044 Cerva,
331 1981 383 2022 nec
399 1961 533 2022 umentis
549 1961 694 2021 incurrere
709 1959 831 2022 fortibus
848 1960 916 2021 ursi.

178 2091 306 2190 Inepte,
320 2091 367 2174 II,
382 2087 454 2161 206
466 2117 539 2191 sqq.
552 2144 561 2176 ,
575 2087 609 2161 in
623 2089 742 2164 aethere
753 2088 868 2164 darbia
880 2090 1006 2191 orasque
1015 2092 1187 2194 praepetes

135 2210 238 2310 lingit,
260 2240 322 2287 nec
340 2211 388 2284 ibi
411 2209 496 2299 133,
522 2210 679 2311 maufista
694 2229 768 2287 rotae
782 2215 910 2314 aesq'qia
926 2243 997 2291 esse
1013 2233 1184 2314 poterant,

135 2338 184 2411 sed
196 2336 394 2411 luxuriantis
406 2336 530 2431 ingenii
546 2334 603 2409 illa
620 2354 707 2410 sunt.
730 2339 874 2412 Tristem
888 2339 987 2412 nobis
1003 2356 1036 2412 et
1052 2340 1187 2413 commi-

135 2459 288 2534 seratione
306 2459 533 2555 dignissimam
544 2461 710 2534 Actaeonis
723 2478 834 2534 narrat
846 2477 988 2547 sortem,
1011 2461 1068 2533 sed
1085 2463 1187 2535 ethic

134 2582 234 2671 ludit,
243 2587 308 2672 111,
323 2585 690 2685 199,sugr'tAutaaoeius
696 2582 799 2668 leros,
810 2584 1090 2658 Etsatamcelerrm
1099 2613 1188 2660 cursu

131 2713 298 2786 miratorio
311 2713 386 2812 iaso.
403 2711 538 2806 Frigida
555 2728 634 2784 sunt
648 2709 705 2783 illa
718 2709 877 2783 acumina.
896 2752 935 2765 -
949 2711 1019 2797 ΠΙ,
1039 2709 1127 2803 425,
1147 2711 1188 2784 de

129 2836 289 2912 Narcisso·
309 2864 345 2910 se
373 2836 482 2936 ipsum
506 2853 654 2923 anrarrte,
683 2849 715 2908 et
737 2834 792 2936 qui
808 2834 921 2935 probat
942 2836 1183 2940 r'lleprobatur,

128 2964 274 3066 Dumque
281 2964 375 3064 petit,
387 2964 519 3064 petitur,
531 2965 705 3064 pariterque
716 2962 847 3036 incendit
856 2979 886 3036 et
898 2963 993 3037 ardet.
1009 2965 1187 3053 Eumdem,

129 3088 183 3162 ubi
201 3116 346 3163 errorem
360 3111 455 3164 suum
471 3089 622 3185 agnovit,
646 3089 692 3163 sic
709 3087 897 3191 loquentem
915 3118 995 3163 vers.
1020 3089 1091 3183 464
1102 3115 1119 3179 ,·
1136 3091 1190 3162 in-

132 3211 720 3315 ducittFlummasmaveuqueseroque.
743 3214 834 3315 Quid
830 3213 983 3314 sacrun?
994 3242 1093 3316 roger,
1112 3207 1190 3288 auae

134 3341 260 3436 rogem?
276 3337 352 3439 quid
363 3337 470 3412 laude
484 3340 620 3439 rogabo?
649 3340 747 3440 Quod
759 3342 846 3442 cupra
862 3369 975 3414 mecum
992 3356 1052 3427 est,
1072 3341 1189 3443 inopem

136 3488 178 3534 rae
202 3462 291 3563 copia
302 3461 385 3562 seer't
403 3494 415 3535 .·
436 3463 482 3536 ita
506 3493 576 3537 non
597 3462 682 3539 solet
706 3464 890 3565 desperatio
913 3462 1069 3540 lascivire.
1098 3466 1191 3541 Idem

136 3614 213 3660 vers.
223 3586 294 3660 505
308 3618 316 3661 :
328 3588 365 3661 T
362 3617 412 3661 ura
422 3617 537 3690 quoque
547 3618 596 3675 se,
610 3605 771 3690 postquam
779 3587 948 3688 estirfima
956 3589 1026 3663 sede
1039 3607 1186 3692 receptus,

95 3694 102 3707 „
135 3708 173 3783 la
188 3709 298 3818 Spgra
309 3713 464 3812 spectabat
472 3741 552 3814 aqua
564 3744 576 3784 .·
592 3714 625 3787 in
643 3713 760 3788 limosa
775 3712 832 3787 illa
848 3713 967 3814 palude
984 3744 1052 3789 non
1064 3732 1194 3815 poterat

82 3898 85 3906 .
135 3836 308 3938 qnisquam
323 3864 357 3911 se
371 3855 528 3937 spectare.
542 3838 669 3912 Thisbe
684 3839 717 3909 in
730 3865 855 3911 summa
868 3838 1112 3940 desperatione,
1126 3842 1192 3928 IV,

139 3959 221 4049 152,
244 3962 336 4059 justo
352 3961 501 4057 argutius
518 3962 616 4050 dicit,
643 3962 751 4065 quique
773 3990 794 4035 a
818 3990 865 4034 me
886 3978 979 4035 morte
1000 3963 1102 4037 reuelli
1120 3964 1194 4036 Heu

135 4086 200 4158 sola
210 4103 347 4185 poteras,
369 4090 484 4188 poten‘s
502 4116 557 4161 uec
579 4103 672 4162 marte
690 4089 798 4162 reuelli.
821 4088 941 4162 Parum
963 4086 1087 4189 placet,
1105 4090 1171 4161 Vll
1184 4066 1209 4174 ,Ι

137 4205 220 4310 339,
243 4209 365 4312 duplex
378 4210 463 4285 illud
480 4240 679 4312 oxymoron,
701 4228 735 4286 ut
747 4213 934 4314 quuquepe'a
947 4229 1009 4298 est,
1030 4211 1196 4286 hortatibus

134 4336 225 4436 impia
231 4340 338 4437 priraa
348 4353 393 4410 est
406 4369 417 4408 :
432 4337 498 4423 Et,
518 4365 555 4409 ue
568 4338 608 4410 sr't
618 4336 778 4424 scelerata,
781 4337 867 4438 facit
876 4340 980 4411 scelus.
1006 4339 1076 4438 Ipsi
1089 4351 1197 4407 autem

136 4479 225 4538 tanto
240 4464 349 4558 magis
364 4463 560 4565 placuerunt
570 4492 578 4554 ;
598 4465 736 4563 repetita
748 4465 835 4537 enim
852 4464 894 4536 ab
912 4492 951 4536 eo
969 4478 1048 4535 suut
1060 4469 1198 4560 quater:
