2662 5092
254 743 764 814 unrenonrnosnon
795 747 894 814 mn.
920 749 950 814 1.
1093 749 1138 839 ⁵9

109 868 196 954 Saucia
206 882 405 972 vomeribus,
422 910 485 985 per
501 911 535 957 se
553 881 654 958 dabat
672 883 782 958 omnia
799 883 896 959 tellus
913 914 922 974 ;

110 990 291 1107 Contentique
309 1005 411 1094 cibis,
428 1004 521 1079 nullo
540 1024 697 1102 cogente,
718 1005 854 1094 creatis,

106 1111 240 1203 Arboreos
255 1129 372 1221 scetus,
389 1147 611 1230 montanaque
629 1129 721 1227 fraga
736 1129 914 1226 legebant,

104 1231 264 1354 C⁰rnaqne,
283 1252 473 1327 etinduris
490 1253 647 1328 harentia
663 1282 758 1329 mora
773 1253 922 1342 rubetis,
1087 1277 1134 1330 105

89 1443 247 1510 ⁸Iftnentum
269 1457 372 1512 duobus
400 1467 445 1511 aut
466 1469 580 1528 quatuor
628 1461 656 1513 in
667 1461 739 1515 Italia
748 1462 873 1531 frequens
883 1500 891 1527 ,
903 1479 982 1531 poma
992 1461 1080 1516 serens
1091 1483 1138 1516 ru-

84 1507 207 1597 Quibus,
220 1554 274 1605 quo
287 1536 368 1606 glebas
379 1536 406 1590 in
419 1537 487 1606 agris
497 1556 579 1592 eom·
628 1539 777 1610 bentialX,
791 1541 848 1605 ror)
856 1541 933 1610 fragis
941 1539 1044 1606 similia,
1053 1551 1080 1594 et
1088 1541 1140 1595 dil·

78 1599 257 1667 minuebantur
268 1634 274 1675 ;
285 1614 377 1684 Virgil.
386 1613 483 1685 Georg.
497 1616 519 1682 Ι,
530 1619 579 1690 94:
628 1615 704 1669 licilia
714 1617 877 1669 concoctioni
891 1615 973 1686 (Plio.
984 1618 1090 1684 XXIII,
1098 1615 1137 1686 8),

74 1679 221 1760 ‘Illanquam
229 1701 257 1744 et
265 1692 578 1762 sarritioniiuserviebat,
629 1693 1140 1762 quibustenuiorissortisbomiuesvesci

69 1756 141 1820 *trs
154 1773 205 1823 15⁵.
628 1770 759 1825 solebant:
769 1770 820 1824 vid.
833 1771 944 1825 Martio.
957 1770 990 1824 ad
1002 1772 1095 1841 Virgil.
1108 1773 1138 1837 I,

114 1863 159 1899 sos.
170 1849 267 1902 Sarcr'aer
274 1849 579 1904 cumtribunviviauuse
632 1848 686 1914 148.
699 1846 788 1901 Etiam
800 1849 887 1902 Varro
904 1849 937 1903 ll.
953 1849 986 1902 lt.
1000 1848 1043 1914 II,
1062 1865 1095 1916 1,
1114 1861 1143 1903 et

56 1913 145 1976 Q(add.
155 1930 244 1979 sarcia
250 1929 393 1979 mineribus
400 1927 524 1997 protulit,
539 1927 581 1980 id·
630 1925 722 1996 virgil.
735 1925 761 1979 d.
773 1926 789 1980 l.
802 1945 847 1980 eos
859 1927 936 1981 Ioetus
947 1926 975 1980 in
987 1927 1142 1996 antiquissi-

56 1995 124 2057 ‘tue
135 2022 189 2055 non
208 2005 276 2057 bene
289 2004 401 2057 Heinsio
414 2025 440 2058 se
454 2006 581 2075 probavit.
629 2021 736 2056 morum
748 2003 1141 2060 hominumvictueommemo

54 2054 153 2133 Notio
169 2085 296 2134 onlnem
312 2083 367 2150 iam
390 2082 459 2136 inest
481 2083 508 2137 in
525 2102 579 2137 voc.
629 2091 697 2136 rant.
709 2081 763 2137 Sed
771 2087 873 2137 arborei
872 2085 969 2153 solas,
984 2104 1044 2154 quae
1055 2096 1095 2140 est
1105 2084 1142 2139 al·

53 2165 177 2222 ‘arcem
200 2170 228 2214 et
246 2180 328 2232 quum
348 2161 479 2232 precedat
499 2171 581 2216 rostro
629 2170 686 2213 tera
703 2161 795 2230 lectio,
817 2165 907 2219 forent
923 2183 1002 2235 poma
1021 2166 1067 2232 X,
1083 2165 1141 2238 bbq

57 2237 185 2301 oblecta,
213 2239 377 2293 concinnitas
397 2240 580 2293 membrorum
630 2237 1138 2313 Ilrecveromagiscnlturampostulant,

58 2302 109 2370 bie
120 2336 227 2387 quoque
239 2317 411 2370 instrumenti
422 2337 522 2370 nomen
532 2337 580 2371 re-
629 2318 769 2388 minusque
778 2320 844 2373 adeo
851 2321 1030 2390 primoseculo
1037 2341 1140 2376 convc-

62 2395 155 2464 quirit.
163 2396 265 2462 lacus,
275 2394 318 2461 ΙΙ,
329 2395 387 2465 287,
397 2413 476 2464 quem
487 2394 579 2448 Heins.
629 2396 708 2449 niunt
717 2412 723 2445 :
733 2398 886 2450 tribuuntur
894 2399 1093 2464 citamen,XV,
1102 2420 1142 2472 95.

61 2473 252 2541 compararit,
278 2472 332 2542 ipse
352 2491 415 2525 eum
434 2474 579 2542 impugnat
629 2473 722 2527 Heius.
739 2475 809 2542 conj.
824 2479 959 2528 :roboreos
968 2475 1063 2542 satus,
1081 2477 1099 2529 i.
1118 2496 1140 2529 o.

66 2551 213 2602 -Saucr'en
221 2549 289 2603 Sulci
296 2551 448 2604 snntveluti
459 2549 578 2615 vulnera,
629 2551 743 2621 glandes.
756 2552 833 2606 Arde
842 2552 977 2623 glandibus
985 2573 1046 2607 mox
1052 2557 1141 2624 sequi·

65 2627 167 2696 quibus
194 2626 346 2681 dilaceratur
367 2640 471 2698 tergum
494 2639 578 2682 terrae.
628 2639 680 2681 tur.
692 2628 800 2682 Hesiod.
808 2623 863 2704 fipy.
876 2630 930 2696 nt,
940 2633 1140 2704 ὰςνιιοὶμὴλοωι,

62 2705 161 2759 Latius
182 2704 239 2760 bac
260 2706 328 2760 Plin.
353 2708 389 2760 ΙΙ.
413 2708 446 2761 N.
466 2707 509 2773 ΙΙ,
525 2708 577 2770 63,
628 2706 699 2775 quod
713 2710 939 2774 est,abuudarrles
949 2712 1061 2762 arbuteis
1067 2710 1142 2777 soli-

62 2784 252 2854 persequitur,
274 2796 301 2839 et
321 2785 397 2854 plura
417 2786 579 2839 lacerationis
628 2789 691 2838 bes:
702 2784 754 2837 vid.
766 2783 902 2839 Graevium
919 2784 953 2838 ad
965 2786 991 2839 b.
1004 2786 1020 2840 l.

62 2882 162 2932 genera
169 2862 299 2916 invidiose
307 2875 507 2917 commemorat.
516 2866 579 2920 Non
666 2866 720 2914 105·
732 2864 869 2916 Herculeo·
883 2863 956 2916 Male
970 2864 1142 2917 Burmannus

62 2941 164 2994 mirum
173 2951 266 2994 autem
275 2951 325 3009 est,
336 2943 521 3010 agriculturam
533 2943 580 2996 diu
628 2939 739 2993 exLeid.
748 2950 774 2993 et
784 2941 838 2994 aliis
847 2941 1003 3010 quibusdam
1012 2942 1140 3011 probabat

62 3020 139 3075 luisse
151 3021 319 3092 ignmatam,
341 3021 436 3091 quippe
445 3041 504 3090 quae
513 3021 579 3075 mul·
627 3021 760 3071 toronen.
775 3019 892 3073 Arbores
904 3019 980 3089 ipsae,
993 3039 1138 3089 earumque

63 3109 152 3153 tarum
169 3118 265 3153 rerum
283 3100 436 3167 erientiam,
455 3120 579 3172 magnam
628 3096 695 3149 rami
706 3108 776 3151 recte
791 3096 1032 3160 dicunturlrorrere,
1047 3097 1140 3163 idest,

63 3197 170 3246 ruram,
182 3178 301 3231 multum
313 3178 408 3231 laboris
421 3180 545 3248 requirat.
628 3177 763 3244 eminere,
777 3195 832 3230 non
845 3177 910 3230 item
922 3176 1028 3231 fructus.
1041 3177 1140 3247 Regius

99 3257 156 3311 ιώ.
167 3259 250 3309 Nullo
259 3263 369 3324 cogente.
378 3255 470 3327 Virgil.
481 3256 579 3329 Georg.
628 3276 659 3309 ex
681 3257 919 3327 interpretatione,
938 3260 1085 3323 prudentio.
1106 3284 1140 3298 -

66 3334 96 3401 I,
113 3337 180 3401 roll,
198 3334 256 3404 pari
269 3333 415 3404 elegantia,
433 3339 502 3388 nullo
509 3356 579 3403 pos-
631 3337 738 3398 Cornus,
753 3337 932 3398 Comelbaurn,
948 3337 1139 3404 cuiussructus,

67 3419 154 3476 ceam
168 3429 323 3483 quanquam
333 3409 404 3463 idem
415 3421 442 3464 ct
453 3416 531 3464 nullis
540 3431 579 3466 co·
628 3433 718 3477 corae,
737 3414 844 3483 lapidosi
859 3425 938 3481 sunt,
955 3433 1006 3470 nec
1024 3414 1140 3469 multum

63 3493 198 3557 perans,
210 3488 309 3558 Georg.
322 3490 362 3551 II,
380 3501 579 3560 rozutrumque
627 3493 712 3556 earnis
730 3492 848 3559 liabent,
870 3493 964 3563 quibus
983 3494 1050 3551 adeo
1071 3495 1137 3549 Ho-

66 3567 488 3637 verbumnonminuseleganter,
499 3589 579 3638 qnam
628 3570 695 3624 meri
715 3582 851 3640 tempore,
872 3571 924 3625 0d.
939 3573 981 3639 Χ,
997 3576 1064 3639 ψ,
1081 3593 1140 3627 sues

65 3650 191 3712 inperare
199 3650 278 3703 mn,
297 3644 329 3697 de
339 3645 456 3715 agricolis
467 3646 578 3714 dicitur,
629 3650 822 3718 pascebantur,
842 3649 914 3703 unte
936 3661 964 3704 et
986 3651 1140 3720 a¹Virgilio

66 3721 113 3789 qui
137 3720 216 3774 veluti
243 3727 338 3790 cogunt
368 3733 465 3775 terram
492 3726 580 3795 fruges
629 3728 803 3795 AEneid.lll,
816 3729 1139 3803 bdq,Intero1'clmtltsr-

66 3798 182 3853 reddere
190 3800 335 3854 cultoribus
345 3821 351 3853 z
362 3801 421 3855 vide
432 3803 580 3856 Burmann.
628 3810 700 3860 licem
709 3807 868 3861 referuntur.
875 3811 1024 3862 -llubetr'n
1032 3809 1140 3877 Asperis

67 3879 212 3932 Arravero
221 3898 305 3948 quum
312 3880 400 3948 fruges
408 3880 533 3948 reddunt,
541 3880 581 3933 di·
628 3896 655 3940 et
664 3886 782 3956 spinosis.
794 3886 929 3941 Rubetum
942 3897 1030 3940 autern
1043 3886 1139 3940 dicitur

65 3966 168 4008 cuntur
176 3976 280 4021 parere,
300 3961 446 4023 respondere
461 3970 510 4011 etc.
526 3958 579 4012 Sed
628 3966 717 4032 locus,
734 3965 805 4018 rubis
819 3975 846 4018 et
857 3966 938 4034 spinis
950 3964 1072 4019 consitus.
1088 3968 1138 4018 Ed.

64 4041 132 4093 cibi.
155 4037 200 4104 qui
216 4039 271 4105 jam
291 4049 447 4098 narrantur,
468 4039 579 4092 minime
628 4072 661 4086 ·-
678 4042 786 4108 Rubus,
806 4046 1045 4108 Brombeerstaude,
1067 4064 1144 4098 mora

65 4113 136 4168 lauti
148 4127 223 4182 sunt,
235 4136 323 4186 neque
335 4117 369 4169 ob
381 4136 425 4170 eos
438 4117 581 4173 invidenda
629 4122 754 4177 silvestria
772 4122 840 4187 sert,
859 4122 952 4191 quibus
971 4131 999 4176 et
1016 4122 1076 4193 ipsis
1096 4135 1142 4176 te-

65 4213 153 4248 aurea
165 4205 233 4249 aetas.
629 4201 736 4254 nuiores
749 4200 871 4254 homines
877 4200 1049 4255 vescebantur
1058 4221 1064 4254 :
1074 4202 1144 4256 Plin.

102 4276 160 4339 ιοζ.
179 4276 310 4328 Arbaleos.
322 4276 434 4330 Plurimi
448 4281 578 4340 arboreos,
630 4277 668 4330 ΙΙ.
676 4278 709 4331 Ν.
718 4278 784 4331 XVI
794 4317 802 4344 ,
813 4278 895 4348 37-71
907 4300 914 4342 ;
929 4278 1033 4344 XXIV,
1047 4278 1146 4346 13-73,

64 4352 332 4424 quaeduosaepissime
342 4357 449 4409 confusa
457 4368 525 4410 sunt.
532 4359 581 4410 Ar
629 4359 705 4408 duros
714 4357 878 4418 rubosdixit;
893 4357 973 4409 etiam
986 4358 1083 4410 Noster
1094 4355 1144 4418 IV,

62 4431 251 4498 bulrosselns,
266 4431 366 4483 arbuta.
379 4434 506 4496 Arbulus‚
523 4453 581 4486 nos·
630 4434 709 4487 Pont
731 4435 785 4500 IV,
811 4437 834 4501 4.
855 4435 977 4487 -Bene
996 4435 1098 4494 harere,
1115 4441 1144 4482 ut

62 4508 112 4562 tris
125 4511 331 4578 Erdbeerbourr,
349 4511 426 4564 arbor
437 4512 580 4578 fruticosa,
631 4513 690 4578 ΙΙΙ,
705 4513 770 4580 730,
787 4512 819 4564 de
839 4513 913 4564 soliis.
