2662 5092
279 666 819 736 murnuouruosuou
845 651 940 737 rm.
968 672 1036 739 vr.
1123 671 1188 756 ιιι

134 804 318 903 Quaesierat
335 805 448 878 studio
465 834 587 881 nomen
600 808 830 895 memorabile,
850 809 997 907 quamvis

135 921 219 993 Orta
236 920 337 995 domo
355 949 474 1021 parva,
494 923 603 1021 parvis
620 922 792 996 habitabat
809 924 975 1023 Hypaepis.

133 1037 244 1134 Hujus
261 1055 300 1109 ut
316 1035 523 1137 adspicerent
540 1064 625 1136 opus
643 1036 850 1123 admirabile,
865 1067 949 1139 sape

133 1151 316 1226 Deseruere
335 1153 387 1224 sui
406 1151 566 1252 Nympha
582 1152 690 1225 vineta
706 1150 864 1252 Tymoli3

132 1267 316 1342 Deseruere
336 1296 412 1341 suas
428 1267 589 1367 Nympha
607 1266 793 1341 Pactolides
807 1267 936 1341 undas:

131 1383 200 1455 Nee
217 1383 319 1456 lactas
337 1381 444 1455 solum
461 1399 567 1455 vestes
585 1400 731 1483 spectare
746 1383 905 1482 juvabat;

131 1497 219 1570 Tum
238 1525 388 1597 quoque,
409 1526 509 1597 quum
525 1496 642 1570 fierent
656 1526 664 1569 :
680 1514 792 1569 tantus
811 1496 909 1571 decor
926 1495 1033 1570 adluit
1047 1499 1132 1574 arti!

132 1610 207 1684 Sive
225 1612 340 1685 rudem
356 1611 483 1713 primos
496 1611 603 1686 lanam
621 1611 827 1707 glomerabat
843 1611 877 1683 iu
894 1611 1011 1699 orbes3
1035 1665 1037 1668 -

131 1725 198 1798 Seu
217 1726 331 1818 digitis
349 1727 525 1822 subigebat
541 1756 643 1829 opus,
663 1728 866 1828 repetitaque
883 1726 986 1821 longo
1160 1765 1192 1801 ιο

130 1839 264 1913 Vellera
279 1839 432 1914 mollibat
448 1839 588 1916 nebulas
601 1842 762 1943 aequantia
779 1859 903 1928 tractu;

133 1955 213 2027 Sive
230 1955 293 2028 levi
311 1973 443 2031 teretem
459 1957 613 2033 versabat
629 1955 748 2057 pollice
766 1956 895 2042 lusum;

130 2169 212 2204 mone
234 2152 341 2221 vulgari.
358 2181 393 2194 -
407 2156 479 2216 Illa,
506 2154 638 2208 Arachne.
716 2158 753 2209 18.
760 2157 927 2223 Tumquoque
936 2164 984 2209 ete.
993 2153 1118 2207 Heinsius
1125 2154 1195 2209 hursc

130 2229 204 2281 Male
217 2211 334 2282 lactant.
346 2230 373 2281 in
391 2231 452 2300 Arg.
466 2230 521 2284 haee
534 2249 639 2299 quoque
688 2251 792 2284 versum
800 2232 927 2300 superiori
936 2230 1142 2300 praeponeudum
1151 2251 1196 2300 pu·

131 2307 210 2360 verba
222 2307 254 2360 ad
267 2310 487 2363 matrem'retulit.
495 2312 634 2372 -Sludeb,
687 2309 773 2374 tabat,
788 2328 846 2362 eam
858 2309 940 2362 solam
948 2309 981 2362 ob
992 2328 1112 2376 eausam,
1125 2309 1195 2378 quod

131 2395 188 2438 arte
202 2386 318 2438 textoria.
330 2389 469 2440 -Domus
475 2407 569 2454 parra,
588 2387 641 2440 hu·
689 2407 737 2459 pro
747 2407 794 2440 uec
807 2387 882 2439 multi
898 2387 979 2440 MSS.
992 2387 1056 2439 dant
1067 2409 1124 2440 noa.
1140 2389 1196 2441 Re-

131 2461 214 2527 mitis,
231 2482 281 2516 uec
293 2462 345 2516 ulla
356 2464 482 2532 dignitate
493 2465 639 2533 conspicua.
688 2464 723 2536 gii
737 2465 820 2517 nostri
839 2463 946 2531 quidem
966 2462 1064 2516 habent
1080 2482 1146 2529 norr,·
1165 2477 1192 2518 at

131 2539 227 2592 Horat
241 2540 269 2607 l,
284 2539 332 2609 Ep.
341 2556 391 2606 ιιι,
406 2541 451 2606 28,
460 2547 641 2606 parrr'etanr·
688 2561 792 2595 versum
812 2540 907 2592 eodem
921 2541 948 2593 in
963 2538 1020 2592 loeo
1034 2540 1194 2610 relinquunt.

126 2616 394 2685 pls'sibioppositaeo
406 2636 491 2670 sensu.
502 2622 641 2690 —Hype-
688 2622 738 2672 Ed.
753 2647 785 2660 -
803 2618 856 2672 llic
871 2619 941 2671 loeus
956 2616 1060 2670 laudem
1078 2631 1195 2673 meretur

125 2693 641 2766 pa,urbsLydireinterTmolumnron·
688 2697 805 2762 uberte,
829 2715 879 2764 qua
892 2695 1028 2765 ingenium
1040 2706 1123 2764 poetae
1137 2717 1195 2750 rem

131 2784 186 2827 tem
204 2783 231 2825 et
243 2771 386 2845 Caystrum
397 2773 509 2827 fluvium
520 2814 527 2842 ,
540 2775 574 2829 de
589 2794 641 2846 qua
690 2776 904 2829 tenuissimamet
913 2776 1045 2845 vulgarem
1055 2779 1196 2831 exornavit.

131 2851 303 2907 Burmannus
317 2852 348 2906 ad
368 2855 477 2922 Petron.
493 2855 553 2924 137,
567 2855 642 2924 plura
688 2883 721 2895 -
733 2857 819 2907 Decor
826 2855 912 2922 arisel!
924 2859 986 2915 aru,
1002 2853 1095 2908 decore
1106 2866 1194 2911 tracta·

130 2933 240 2984 notavit.
259 2932 320 2984 Fuit
343 2933 466 2998 obscura,
487 2932 558 2986 unde
579 2934 605 2987 h.
625 2934 641 2987 l.
688 2933 732 2986 bat
749 2933 849 3002 singula
864 2932 925 2984 artis
938 2949 1008 2984 sure:
1022 2931 1081 2985 vide
1099 2932 1130 2986 ad
1144 2934 1194 2999 lV,

126 3029 226 3076 parra,
245 3022 271 3062 et
283 3012 318 3063 sic
330 3012 427 3080 etiam,
444 3011 578 3080 x1,152,
596 3012 642 3065 ubi
689 3010 746 3061 230.
766 3008 885 3077 Exempli
904 3008 960 3061 loco
979 3009 1195 3078 preparationem

131 3085 203 3140 etde
215 3088 339 3154 ejussitu.
618 3152 621 3157 g
688 3087 754 3142 lana
767 3088 799 3141 ad
812 3098 913 3141 turtum
932 3098 1078 3153 memorat,
1099 3087 1194 3157 dequo

168 3169 206 3218 15.
228 3168 366 3220 Deseruere
386 3173 429 3220 sui
449 3170 571 3240 Nymplae
593 3177 641 3222 ete.
688 3166 780 3220 confer
791 3166 984 3232 Claudianum,
998 3184 1046 3233 rx,
1060 3168 1197 3221 tut-sa-

131 3241 228 3296 Priscis
240 3244 401 3312 temporibus
413 3245 458 3297 Dii
468 3247 585 3299 solebant
596 3245 641 3298 in·
688 3247 791 3312 bigeba!
806 3245 912 3310 melius,
926 3263 1004 3312 quam
1020 3244 1151 3298 tractabat
1163 3271 1196 3286 ·—

131 3319 216 3372 risere
232 3319 360 3372 mortales
386 3322 446 3374 Hoc
467 3324 545 3391 igitur
565 3334 643 3392 poeta
689 3324 824 3389 Repetita,
855 3323 914 3391 quia
939 3322 1055 3391 pluribus
1075 3326 1196 3375 tracls'bus

130 3414 188 3449 non
203 3395 270 3446 male
283 3414 343 3448 usus
355 3406 393 3448 est
403 3396 435 3448 ad
445 3400 641 3453 commendan-
689 3404 823 3453 molliebat.
834 3401 904 3454 Vide
915 3400 946 3453 ad
960 3401 1010 3466 IV,
1024 3401 1078 3470 733.
1089 3429 1122 3441 ·-
1136 3405 1196 3455 Ver-

132 3472 200 3526 dum
213 3470 347 3524 Arachnes
360 3492 432 3540 opus.
444 3475 525 3528 -De
543 3479 646 3546 meolr'
688 3485 765 3533 lerum
778 3479 928 3533 teneritudo
942 3481 1075 3549 eleganter
1087 3499 1193 3550 eompa-

132 3552 196 3604 vino
211 3569 355 3618 generoso,
372 3551 469 3616 nobili,
483 3551 541 3605 vide
554 3553 586 3605 ad
599 3553 642 3619 ll,
689 3567 835 3609 satureum
847 3560 954 3616 nebulis,
972 3557 1194 3624 quemadmodum

132 3647 191 3697 ²¹7·
205 3628 293 3682 Poetis
305 3629 384 3680 etiam
396 3630 498 3681 Tmolus
516 3630 643 3683 scribitur.
689 3643 780 3686 contra
796 3632 869 3700 Virg.
882 3631 978 3701 Georg.
992 3635 1020 3697 l,
1034 3634 1092 3704 397,
1105 3636 1194 3688 nube*

134 3706 204 3759 Vide
218 3707 382 3776 Stephanum
395 3705 427 3761 de
439 3707 561 3761 Urbibus.
572 3707 643 3760 Hinc
689 3709 759 3762 cuias
774 3727 835 3761 curn
853 3709 918 3760 lanae
936 3709 1072 3763 velleribus
1086 3713 1195 3763 eonlert.
1240 3730 1241 3733 ¹

133 3786 214 3843 etiam
227 3787 253 3839 h.
265 3787 280 3839 l.
294 3787 414 3840 nonnulli
427 3806 487 3838 eum
496 3787 566 3838 Aldo
577 3824 585 3852 ,
597 3784 642 3838 sed
689 3789 843 3848 -Mollrre,
856 3787 957 3840 trahere
968 3827 975 3854 ,
988 3799 1018 3841 ut
1025 3789 1113 3842 tenuia
1123 3788 1196 3841 fiant.

133 3875 222 3918 metro
233 3865 402 3930 adversante,
422 3867 508 3917 Tmoli.
522 3863 586 3932 Ejus
598 3870 644 3916 vi·
693 3863 829 3917 Claudiam
844 3883 850 3915 :
868 3867 966 3917 Vellera
973 3885 1021 3933 per
1036 3874 1121 3918 tenues
1131 3866 1200 3933 ferri

133 3951 195 3996 neta
206 3955 267 3995 suut
278 3945 372 4008 etiam,
388 3943 413 3995 ll
427 3943 494 3995 Fast.
504 3939 644 3994 'sit-Ex
686 3945 820 4011 producere
837 3949 929 4002 trinas,
954 3945 997 3996 ubi
1015 3945 1074 3996 ride
1086 3943 1197 3998 Gesner.

133 4040 168 4074 eo
180 4021 315 4073 ,oriebatur
329 4024 461 4079 Paclolus,
479 4018 573 4071 lluvius
585 4017 644 4089 Ly-
691 4019 779 4072 Etiam
792 4028 893 4073 tenuare
908 4031 935 4074 et
948 4026 1057 4090 eliquare
1070 4022 1156 4074 lanam
1167 4023 1195 4075 in

133 4099 186 4154 dite
213 4099 316 4149 auriler.
338 4099 534 4167 Repetitionem
554 4107 644 4150 autem
690 4116 746 4150 usu.
768 4097 815 4151 illa
838 4101 929 4150 vellera
950 4098 1050 4151 Nostris
1072 4097 1196 4152 dicuntur

133 4173 293 4229 eorumdem
319 4176 480 4239 verborum,
510 4175 591 4242 qualis
616 4173 643 4225 iu
682 4177 791 4242 stecoris.

132 4255 186 4310 hoc
196 4254 347 4321 etsequenti
356 4273 446 4318 versu,
458 4266 528 4306 amat
538 4255 644 4308 Noster:
727 4273 765 4304 υ.
778 4255 833 4306 Stre
844 4257 898 4305 levi
906 4261 1012 4306 teretem.
1025 4254 1122 4323 Regius
1137 4255 1196 4323 qui-

134 4332 164 4398 l,
179 4333 228 4383 325
245 4349 318 4398 sqq.;
339 4331 374 4395 V,
398 4334 446 4401 579
461 4351 516 4398 sqq.
525 4352 533 4399 5
555 4331 642 4397 Vlll,
691 4329 905 4397 dam,sr'relerem
913 4337 1040 4384 lereliete.
1049 4333 1124 4401 Regii
1132 4352 1196 4385 nos*

133 4408 185 4460 628
204 4427 258 4475 sqq.
690 4408 724 4461 tri
745 4408 842 4463 habeut
863 4409 1000 4478 vulgatam.
1026 4407 1145 4474 Confer,
1168 4411 1195 4459 iu
