2662 5092
176 859 340 951 sacculum,
355 889 440 962 qnos
452 863 485 935 in
496 863 605 965 primo
619 865 751 965 quidem
762 865 986 966 Metamorplr.
995 863 1083 938 libro
1092 867 1239 939 numeris

174 743 223 792 111

175 995 364 1093 designatos
376 998 537 1086 invenies,
549 996 644 1097 8000
659 1016 691 1072 et
704 997 795 1072 8001
807 1055 817 1087 ,
829 999 952 1100 quibus
965 999 1114 1101 inscripti
1127 999 1236 1094 Regio

175 1127 335 1225 Catalogo
352 1131 581 1232 reperiuntur;
608 1131 723 1204 deinde
738 1158 815 1204 vero
833 1131 936 1225 signis
953 1131 985 1204 Α
1001 1149 1035 1205 et
1051 1131 1097 1219 B,
1115 1129 1167 1204 vel
1182 1130 1236 1204 his

176 1275 303 1357 tantum
316 1258 440 1348 verbis,
448 1262 562 1335 Nostri
564 1261 677 1361 Regii:
685 1259 816 1334 notulas
828 1287 959 1361 quoque
969 1261 1058 1335 notis
1072 1261 1236 1336 interdum

174 1372 337 1464 addendas
350 1391 462 1464 censui
472 1444 482 1478 ,
494 1416 576 1491 quas
587 1419 604 1466 e
615 1392 778 1487 congestis
792 1390 833 1462 V
827 1392 959 1465 cnorum
973 1386 1234 1478 commentariis,

175 1536 207 1592 et
219 1522 398 1622 prasertim
414 1550 432 1595 e
445 1522 605 1596 Fomobrir
617 1541 786 1625 excerptas
800 1522 916 1596 Editor
930 1523 1063 1617 signavi.

223 1653 288 1728 Sed
305 1656 499 1757 priusquam
516 1655 558 1729 ad
573 1655 684 1758 ipsum
699 1641 1017 1756 Metamorphoseon
1034 1653 1157 1728 librum
1176 1653 1235 1728 de-

175 1786 303 1875 venias,
325 1787 565 1863 immorandum
582 1788 645 1863 erit
661 1787 743 1876 tibi,
764 1786 887 1874 lector,
910 1815 971 1861 nec
988 1788 1058 1861 sine
1075 1785 1184 1860 fructu
1202 1805 1235 1859 et

174 1914 366 2019 voluptate,
396 1918 525 1992 Criticae
549 1919 801 2006 Dissertationi,
828 1919 869 1993 de
890 1920 987 1994 variis
1003 1927 1233 2015 κατανλυσμοις,

174 2048 232 2147 qui
249 2046 366 2121 doctos
387 2076 457 2120 non
474 2049 602 2137 minus,
629 2077 726 2149 qnam
750 2049 865 2122 orbem
889 2050 1005 2150 ipsum
1020 2051 1234 2152 perturbave-

170 2198 267 2268 runt,
286 2181 390 2254 donec
405 2183 490 2255 inter
506 2183 724 2282 discrepantes
741 2183 790 2254 vir
806 2200 1013 2276 exsurgeret,
1033 2200 1138 2256 tantas
1157 2182 1233 2256 lites

174 2312 437 2411 compositurus,
467 2312 532 2384 CL.
554 2311 595 2383 G.
615 2311 673 2384 Cu
682 2330 804 2399 vlttlt,
828 2313 941 2409 Regia
956 2311 1134 2386 Galliarum
1148 2313 1233 2389 Uni-

172 2443 333 2516 versitatis
349 2441 516 2529 columen,
535 2445 735 2517 Rostrorum
749 2442 864 2530 decus,
882 2446 1007 2517 Rerum
1022 2443 1232 2545 physicarum

70 2648 78 2669 Ι
173 2574 400 2670 sagacissimus
410 2573 686 2671 indagatorsimul
695 2593 727 2649 et
735 2575 896 2677 interpres
907 2573 1150 2649 disertissimus.
1159 2572 1231 2661 Ille,

171 2736 233 2810 pro
252 2708 363 2782 suain
380 2736 432 2782 me
444 2706 693 2795 benevolentia,
716 2706 878 2781 concessit
893 2704 1022 2793 libens,
1045 2722 1082 2778 nt
1102 2705 1231 2805 quade

89 2897 94 2910 .
173 2839 309 2913 Datuvtt
319 2831 533 2927 disseruerat,
553 2838 718 2913 Ouidiano
732 2838 856 2912 diluvio
868 2838 1109 2939 promitterem.
1122 2839 1233 2911 Latus

172 2973 275 3067 igitur
289 2973 431 3061 inserui,
450 2991 483 3047 et
500 2971 629 3046 Gallico
645 2972 798 3072 quidem,
822 2988 861 3046 nt
873 2971 1060 3073 conscripta
1077 2970 1230 3058 funerant,

171 3132 339 3193 sermone;
358 3132 400 3179 ne
417 3104 497 3206 quid
512 3103 598 3179 sorte
614 3104 800 3179 detrimenti
816 3104 901 3178 inter
918 3103 1154 3178 transeundum
1174 3131 1233 3176 ca-

172 3253 264 3338 peret
276 3264 385 3310 rerum
395 3235 460 3324 vis,
475 3253 532 3310 aut
545 3238 749 3312 concinnitas
759 3238 953 3324 verbornm3
966 3263 1109 3333 gemmas
1121 3252 1230 3320 ratus,

173 3392 265 3466 quae,
287 3365 338 3439 vel
357 3367 431 3468 ipso
453 3365 658 3440 translatoris
677 3365 808 3456 halitu,
834 3369 964 3471 possint
986 3365 1149 3440 inluscari.
1176 3366 1231 3438 Sic

170 3498 364 3587 Burrott,
382 3500 512 3600 quoties
529 3498 709 3574 advocandi
725 3497 837 3587 locus,
857 3497 930 3574 talis
946 3499 982 3572 in
999 3524 1098 3600 opere
1114 3513 1231 3570 nostro

171 3628 316 3732 prodiit,
334 3647 368 3703 et
382 3629 552 3731 prodibit,
572 3629 678 3731 qualis
694 3629 792 3719 olim,
811 3659 913 3732 quum
932 3630 1071 3733 patriam
1086 3626 1231 3724 linguam

172 3788 209 3834 ea
230 3762 398 3861 majestate
420 3761 652 3864 amplificaret,
677 3790 749 3862 que
766 3788 834 3835 non
855 3762 960 3862 impar'
979 3760 1085 3862 ipsius
1107 3777 1232 3834 nature

169 3891 347 3992 majestati,
361 3895 507 3968 omniurn
520 3921 681 3968 consensu
698 3891 859 3968 celebrata
876 3892 911 3964 in
926 3870 1080 3966 rotonum
1096 3889 1229 3986 vigebit.

219 4023 282 4098 llis
302 4025 402 4118 igitur
425 4025 579 4099 omnibus
600 4025 731 4111 liuere,
758 4021 862 4096 lector
883 4022 1002 4108 amice3
1025 4039 1059 4096 et
1079 4038 1231 4094 nostrum

173 4184 278 4258 opus,
303 4174 343 4230 ut
368 4158 552 4259 occepisti,
578 4156 735 4230 continuo
756 4153 865 4227 lavore
889 4153 1053 4255 excipias,
1078 4150 1173 4225 velim
1199 4167 1232 4223 et

171 4316 293 4390 precor.
314 4287 404 4362 Vale.

788 4420 829 4491 N.
857 4419 896 4491 E.
922 4416 1128 4490 Lenamr.
