2662 5092
290 768 825 838 Munamoarnosnou
855 775 951 842 nm.
981 779 1025 846 v.
1118 775 1181 861 411

132 908 255 982 Rident
267 908 477 994 Emathides,
495 926 720 1007 spernuntque
737 910 874 983 minacia
891 912 1010 1002 verba3

132 1024 330 1124 Conataeque
346 1023 459 1123 loqui,
477 1041 510 1096 et
527 1048 648 1119 magno
666 1023 805 1098 clamore
822 1044 988 1125 protervas
1135 1051 1185 1121 670

131 1141 298 1213 intentare
311 1168 447 1225 manns,
466 1167 592 1240 pennas
611 1140 696 1213 crire
713 1168 773 1240 per
789 1169 916 1235 ungues

131 1254 320 1355 Adsperere
337 1284 433 1343 suos,
452 1257 574 1356 operiri
591 1256 725 1329 brachia
738 1255 881 1356 plumis;

132 1369 311 1470 Alteraque
327 1370 460 1443 alterius
475 1371 584 1465 rigido
602 1399 807 1446 concrescere
825 1389 934 1445 rostro

135 1489 204 1561 Ora
220 1487 328 1574 videt,
347 1484 562 1587 volucresque
578 1516 678 1561 novas
696 1488 846 1561 accedere
862 1487 962 1560 silvis.

132 1603 289 1702 Dumque
304 1601 422 1675 volunt
440 1601 573 1703 plangi,
591 1631 652 1703 per
668 1603 802 1678 brachia
818 1621 906 1677 mota
923 1603 1055 1693 levatae,
1138 1628 1186 1698 675

130 1718 217 1789 Aere
232 1716 438 1817 pendebant,
456 1746 628 1791 nemorum
644 1719 808 1807 convicia,
827 1719 917 1819 picae.

129 1833 229 1905 Nunc
248 1861 381 1932 quoque
398 1833 433 1904 in
450 1830 586 1907 alitibus
602 1832 755 1907 facundia
772 1832 880 1933 ¹prisca
897 1833 1073 1919 remansit,

130 1951 309 2048 Raucaque
326 1946 521 2042 garrulitas,
540 1945 753 2048 studiumque
769 1947 909 2022 immane
925 1947 1093 2049 loquendi.
1111 1981 1128 2013 a

132 2181 191 2215 mus
220 2172 308 2215 autem
333 2162 383 2215 hoc
405 2181 504 2214 nomen
528 2161 635 2232 ingenio
682 2164 825 2234 garrientes
845 2176 871 2219 et
886 2164 1186 2219 maledicentes-Fa-

133 2241 251 2305 Heinsii;
264 2261 377 2311 namque
388 2240 505 2295 Pierides
513 2241 591 2293 etiam
602 2241 634 2293 ab
682 2245 786 2304 candeo,
795 2242 886 2296 cadem
896 2247 1101 2312 quaegarrule'las.
1109 2241 1186 2295 Idem

132 2318 233 2372 Anton.
241 2319 296 2371 Lib.
303 2319 338 2371 ita
346 2329 481 2372 vocantur.
491 2316 564 2371 Olim
572 2316 636 2370 ede·
683 2329 723 2373 ter
729 2320 798 2374 dixit.
810 2321 858 2373 Vir
866 2321 972 2391 quidam
981 2321 1072 2375 doctus
1080 2321 1187 2388 conjec-

133 2396 211 2448 batur
232 2398 381 2469 Euesperides,
406 2395 504 2461 idest,
524 2395 635 2463 Euippes
684 2408 753 2451 turat
771 2400 841 2450 Tunc
860 2419 966 2467 quoque,
989 2399 1048 2467 quia
1068 2398 1186 2467 sequitur

132 2473 199 2527 fitis.
220 2470 311 2525 Codex
325 2472 422 2542 Regius
436 2473 473 2538 A,
489 2474 632 2537 Empedeu
682 2481 807 2528 remansit.
814 2474 867 2527 Sed
878 2475 1005 2528 refellitur
1015 2494 1029 2526 a
1039 2474 1144 2527 Clarkio
1152 2473 1185 2527 ad

134 2552 226 2606 Codex
238 2553 274 2618 B,
287 2554 403 2605 Attides.
415 2552 475 2604 lloc
487 2551 635 2621 exemplum
683 2554 794 2607 Homer.
813 2553 843 2605 lt.
855 2553 898 2619 A,
919 2553 967 2620 37,
989 2552 1048 2620 quia
1067 2556 1187 2605 remansit

131 2633 287 2699 confirmat,
301 2631 434 2700 quodiam
447 2631 572 2696 diximus,
584 2650 636 2684 no-
683 2642 722 2684 est
742 2641 845 2699 tempus
864 2648 976 2699 pemeus
994 2628 1033 2682 rei
1056 2630 1185 2697 perfecte.

130 2711 470 2780 minapropriasemperin
483 2711 563 2764 MSS.
576 2708 635 2763 coi·-
684 2707 818 2762 Caeterum
835 2706 968 2761 Nicandro
985 2716 1090 2761 auctore
1114 2705 1184 2776 apud

131 2800 209 2859 rupta
222 2789 307 2842 fuisse.
319 2790 368 2842 Ed.
683 2783 906 2840 Antonpierides
918 2784 945 2836 in
959 2784 1031 2855 plura
1044 2784 1131 2838 avium
1138 2804 1185 2854 ge-

157 2865 636 2934 ⁶73.concrescere.1,ovanensis,0c-
683 2882 747 2917 nera
770 2872 876 2915 mutate
900 2872 968 2915 sunt.
983 2862 1186 2928 -sommque

129 2947 276 3003 callescere,
298 2954 327 2997 ut
345 2943 373 2995 in
396 2942 462 2995 libro
481 2942 557 3009 XIV,
579 2945 634 2996 282.
682 2945 806 3002 immam
830 2940 867 2991 ita
882 2935 993 2992 Codices
1013 2937 1103 2990 nostri.
1125 2937 1185 2992 cio·

131 3020 210 3089 Regii
231 3020 330 3086 nostri,
351 3039 512 3073 concrescere.
523 3048 557 3060 -
570 3020 637 3071 Aere
683 3018 759 3071 sanus
774 3035 788 3070 e
804 3015 933 3070 codicibus
952 3015 1105 3085 quibusdam
1121 3033 1185 3084 pro-

125 3100 235 3166 pendere
254 3097 286 3151 de
302 3098 404 3151 volante
424 3097 567 3153 dicitas·
579 3097 636 3151 Ne-
683 3097 744 3152 tulit
752 3102 905 3168 studiumque
913 3102 1001 3160 inane,
1018 3096 1088 3167 quod
1097 3107 1185 3151 tuetur

107 3195 110 3200 ·
129 3197 224 3231 morum
240 3181 366 3242 convicia,
389 3196 449 3231 aves
464 3197 512 3247 per
525 3194 637 3231 nemora
684 3174 791 3243 Barth.;
804 3174 849 3229 sed
862 3186 971 3245 uterque
983 3174 1122 3230 immerito.
1134 3176 1184 3229 Ed.
