2662 5092
265 762 1046 855 Marsnoarnosnonnrn.v1i.

129 926 266 1028 Expetit
281 956 288 998 ε
303 943 484 999 occurrunt
501 922 567 1012 illi,
583 924 828 1025 Telamonque,
847 926 1020 1027 minorque

130 1041 240 1138 Quam
257 1039 439 1128 Telamon,
459 1038 592 1128 Peleus,
610 1058 643 1114 et
661 1039 772 1141 proles
790 1041 884 1114 tertia
901 1041 1042 1116 Phocus.

129 1159 206 1258 lpse
225 1185 358 1257 quoque
376 1155 562 1251 egreditur,
585 1156 698 1231 tardus
716 1157 872 1252 gravitate
887 1157 1000 1245 senili,

132 1274 272 1359 AEacns3
291 1289 325 1345 et
343 1299 414 1372 quae
429 1271 473 1345 sit
487 1272 642 1345 veniendi
660 1300 756 1346 causa
773 1273 921 1372 requirit,

130 1386 331 1461 Admonitus
348 1387 447 1486 patrii
462 1386 572 1462 luctus
586 1389 748 1488 suspirat,
769 1404 801 1461 et
820 1387 868 1460 illi

130 1503 229 1576 Dicta
246 1502 344 1576 refert
359 1520 467 1575 rector
484 1501 686 1604 populorum
704 1502 779 1576 talia
798 1521 954 1576 centum:

134 1649 152 1680 «
173 1618 274 1690 Arma
288 1619 382 1716 juves
399 1647 459 1691 oro
476 1647 538 1719 pro
555 1637 654 1714 gnato
671 1637 797 1704 sumta3
815 1619 941 1720 pieque

134 1765 153 1797 »
174 1733 253 1805 Pars
267 1734 312 1805 sis
329 1731 453 1806 militiae
469 1764 485 1805 :·
494 1733 622 1807 tumulo
640 1733 756 1808 solatia
770 1763 884 1834 posco.
905 1768 922 1798 »

134 1847 222 1920 Huic
237 1848 421 1949 Asopiades
436 1904 445 1936 ‚
464 1883 481 1914 «
498 1849 590 1924 Petis
605 1849 714 1937 irrita,
733 1849 834 1938 dixit,
848 1867 882 1923 et
896 1848 972 1925 urbi

136 1993 154 2025 »
176 1962 276 2035 Haud
293 1964 440 2038 facienda
452 1993 530 2038 meae
543 1996 551 2038 :
566 1993 673 2065 neque
689 1965 775 2038 enim
792 1965 1001 2062 conjunctior
1018 1961 1085 2036 nlla
1142 1983 1192 2050 485

135 2108 154 2140 n
175 2077 367 2177 Cecropidis
384 2079 445 2151 hac
463 2097 513 2152 est
532 2079 628 2153 tellus
645 2111 653 2151 ε
668 2109 704 2152 ea
721 2079 843 2152 foedera
859 2079 969 2152 nobis.
989 2112 1005 2142 »

133 2193 254 2266 Tristis
269 2193 360 2280 ahit;
382 2228 399 2258 α
420 2194 629 2293 Stabuntque
647 2193 710 2265 tibi
728 2210 783 2266 tua
800 2192 923 2267 ludera
939 2221 1077 2288 magno,
1096 2226 1113 2256 »

135 2307 251 2380 Dixit:
271 2326 303 2381 et
318 2308 433 2382 utilius
450 2308 575 2406 bellum
591 2325 687 2409 putat
702 2337 772 2382 esse
790 2309 929 2397 minari,

135 2426 246 2520 Quam
262 2454 391 2521 gerere,
409 2433 512 2524 atque·
525 2452 600 2498 suas
618 2424 666 2496 ibi
682 2452 941 2523 praeconsumcre
956 2424 1049 2496 vires.

184 2539 307 2613 Classis
323 2542 364 2613 ab
385 2541 550 2640 OEnopiis
567 2540 746 2612 etiamnum
762 2539 876 2640 Lyctia
891 2539 994 2612 muris
1144 2560 1194 2627 490

131 2654 282 2753 Spectari
299 2673 448 2752 poterat3
467 2683 569 2753 quum
587 2652 685 2755 pleno
702 2653 830 2727 concita
845 2651 918 2726 velo

131 2768 245 2842 Attica
260 2767 383 2868 puppis
400 2766 509 2856 adest,
528 2767 563 2839 in
579 2786 762 2869 portusque
780 2768 883 2840 intrat
897 2765 1039 2854 amicos,

167 2971 223 3041 476.
235 2970 641 3041 Expetit.Mutti(es1tegiinos-
688 2970 783 3024 occisos
791 2968 878 3023 hostes
886 2969 990 3028 inferias
1001 2970 1055 3024 vult
1066 2970 1119 3023 tilio
1131 2973 1194 3026 mit-

134 3048 202 3114 tri)‚
223 3055 324 3118 excrpil.
343 3050 468 3104 Heinsius
485 3050 555 3102 varia
570 3068 641 3103 con·
689 3058 762 3112 tere,
777 3048 848 3114 xll,
862 3069 885 3099 2.

132 3127 257 3196 iecturat:
262 3134 389 3195 percepit,
398 3133 487 3196 etr'ffil,
499 3131 638 3196 Betcupc'l,
720 3127 777 3191 484.
789 3127 948 3192 Asopndes,
964 3125 1045 3194 Asopi
1058 3144 1088 3179 ex
1099 3126 1194 3196 AEgina

128 3208 204 3273 plebs
214 3214 277 3259 avet.
288 3209 398 3273 Expedi,
411 3207 490 3275 cupit.
499 3235 532 3245 -
540 3209 640 3260 Occur-
688 3205 879 3272 nepos-Ea,
892 3213 945 3255 tam
957 3214 1061 3256 sancta:
1075 3202 1130 3258 Cic.
1144 3206 1192 3259 Or.

133 3288 193 3334 ruat
202 3281 268 3347 etii,
282 3282 326 3349 qui
336 3282 443 3335 honoris
451 3302 526 3336 causa
537 3282 639 3336 obviam
689 3281 731 3347 ll,
744 3283 791 3347 4ο,
804 3283 931 3348 quodem
942 3285 1018 3348 leaem
1029 3285 1124 3346 tulisti,
1141 3294 1192 3337 tam

135 3369 202 3412 eunt
220 3358 343 3411 venienti.
361 3387 395 3400 -
412 3362 521 3412 Phocum
538 3359 640 3428 ignorat
688 3359 868 3428 perniciosam.

136 3436 295 3492 Isocratesin
304 3435 645 3505 EuagoralV.-E51edilur
722 3438 778 3503 487.
794 3437 890 3503 Mopso
904 3438 1014 3489 stabunt.
1027 3435 1094 3488 Vide
1107 3437 1138 3489 ad
1152 3439 1194 3507 X,

135 3514 164 3569 in
176 3515 243 3567 litus.
251 3541 284 3553 —
295 3514 428 3574 Graecias,
445 3511 562 3566 debilitas
577 3532 642 3567 cor·
689 3512 992 3578 Sip-Proconsumere,
1008 3523 1068 3566 ante
1079 3514 1192 3583 bellum,

136 3593 223 3664 poris,
236 3610 293 3661 quae
303 3588 388 3643 tardat
398 3591 534 3643 incessum.
690 3586 760 3655 quod
766 3587 931 3653 moliebatur,
942 3589 1060 3642 minuere
1068 3589 1159 3660 :vlit
1170 3615 1196 3662 7,

171 3671 226 3736 480.
240 3670 392 3722 Admonitus
396 3672 478 3735 patrii
485 3671 580 3727 luctus,
598 3686 645 3735 pa·
687 3671 834 3731 praetentare
840 3669 905 3717 vim
915 3685 923 3716 :
934 3665 1021 3719 Livius
1028 3706 1036 3734 ,
1049 3667 1114 3722 xxl
1125 3709 1133 3735 ,
1148 3691 1194 3743 29,

136 3743 581 3815 ternaemmstitiae,quamlllinosde
589 3743 643 3796 filio
688 3748 909 3799 antelibarevires.

139 3826 171 3879 ab
185 3824 387 3879 Atheniensibus
394 3823 533 3877 interfecto
543 3840 643 3874 conce·
677 3840 684 3854 ⁰
725 3825 781 3893 490.
795 3824 887 3893 Lyctia
896 3842 910 3875 a
919 3823 1016 3894 Lycto,
1028 3825 1092 3878 urbe
1101 3824 1198 3879 Cretae.

138 3915 220 3974 perat.
240 3907 289 3957 Ed.
303 3931 336 3943 -
353 3903 394 3954 De
410 3906 569 3963 admonitus,
585 3898 643 3951 vide
689 3927 722 3943 -ι
734 3901 1010 3965 Velo,·Burmannuse
1024 3903 1105 3957 tribus
1115 3902 1196 3959 MSS.

138 3981 172 4037 ad
183 3983 236 4048 lx,
247 3983 342 4048 324—
350 3983 448 4034 Hector.
455 3979 559 4043 Minos,
570 3977 644 4044 cujus
691 3976 765 4029 malis
775 3983 862 4038 walo,
881 3976 951 4046 quod
963 3979 1045 4048 magis
1057 3989 1087 4052 τῷ
1098 3986 1198 4034 concr'la

136 4060 249 4128 imperio
261 4059 346 4127 paruit
356 4057 645 4121 Creta-Centrsmpo-
692 4053 836 4106 conveniat.
854 4054 960 4109 Frustra
979 4076 985 4108 ε
1004 4057 1066 4108 AEn.
1082 4057 1109 4124 l,
1129 4061 1194 4124 400:

133 4141 256 4205 polorum.
274 4137 341 4189 Nota
354 4146 392 4188 est
407 4133 486 4188 Creta
503 4138 645 4199 ἕκατέμπολις
692 4133 748 4185 Au!
758 4141 856 4198 portum
875 4142 952 4195 tenet,
975 4142 1022 4189 au!
1034 4139 1111 4204 pleno
1130 4140 1198 4189 subit

139 4234 172 4268 ex
180 4214 299 4265 Homero
308 4252 314 4275 ,
324 4213 352 4265 ll.
360 4213 393 4278 B,
403 4212 464 4284 6493
474 4209 524 4262 vid.
534 4210 642 4273 Strabo,
692 4217 759 4265 osteis
771 4217 825 4264 selo
832 4232 842 4280 ,·
856 4213 917 4266 ibid.
931 4213 965 4280 V,
980 4218 1041 4280 281,
1055 4219 1119 4267 velis
1128 4221 1197 4274 sobi!

137 4290 214 4351 lib.X
224 4328 231 4356 ,
241 4310 265 4358 p.
272 4291 325 4358 735.
332 4294 516 4357 -Popule'pro
524 4289 644 4352 urbibus;
692 4295 758 4342 ostris
763 4295 852 4358 plenis.
861 4292 972 4344 Portum
982 4292 1102 4347 intraturi
1112 4293 1196 4348 solent

139 4368 231 4423 incola
245 4369 315 4421 enim
329 4367 397 4419 urbis
406 4370 525 4434 populum
539 4367 644 4425 sariunt
693 4368 800 4441 quidem
817 4370 872 4422 vela
889 4371 1059 4437 contrahere,
1079 4371 1124 4424 sed
1136 4372 1194 4424 vide

140 4475 173 4488 ·—
185 4451 234 4499 Pro
248 4455 341 4514 gnato,
365 4465 412 4514 pro
434 4445 579 4499 ulciscenda
600 4444 645 4497 filii
693 4444 725 4498 ad
739 4447 796 4513 Vl,
812 4450 866 4513 445.
881 4476 914 4486 -
928 4451 960 4498 In
971 4456 1104 4518 portusque
1118 4448 1199 4501 rirlmt

141 4535 235 4580 morte.
247 4526 296 4579 Ed.
309 4553 341 4566 ·-
359 4527 462 4578 rumulo
482 4536 530 4579 etc.
549 4543 645 4595 nempe
693 4524 797 4580 amaros.
813 4525 922 4580 Codices
936 4529 1018 4581 nostri
1035 4528 1111 4599 Regii
1128 4528 1197 4581 sim-
