2662 5092
274 735 785 803 METAMORPHOSEON
810 739 904 805 LIB.
933 739 1023 807 Vll.
1112 740 1174 807 525

128 873 265 946 Admoti
281 873 412 972 quoties
430 872 581 974 templis,
600 873 677 946 dum
695 890 770 946 vota
788 874 938 949 sacerdos

129 988 305 1087 Concipit,
324 1007 357 1060 et
373 988 484 1061 fundit
496 1017 618 1089 purum
636 990 722 1062 inter
740 1018 861 1062 cornua
875 992 1004 1082 vinum,

129 1102 230 1175 Haud
248 1111 435 1203 exspectato
452 1104 640 1177 ceciderunt
655 1100 787 1176 vulnere
807 1102 909 1175 tauri!
1133 1127 1181 1201 595

131 1220 207 1317 Ipse
223 1245 285 1311 ego
304 1245 393 1290 sacra
409 1218 486 1290 Jovi
503 1246 650 1317 prome,
668 1218 858 1317 patriaque,
878 1218 1048 1320 tribusque

133 1332 247 1427 Quum
265 1332 402 1406 facerem
419 1333 523 1419 natis,
538 1333 685 1429 mugitus
701 1333 831 1406 victima
848 1332 938 1407 diros

133 1449 264 1537 Edidit;
282 1467 315 1522 et
328 1450 440 1522 subito
458 1447 602 1548 collapsa
617 1449 687 1522 sine
701 1449 823 1521 ictibus
840 1447 918 1522 ullis

131 1566 262 1662 Exiguo
282 1565 379 1637 tinxit
396 1565 563 1663 subjectos
583 1564 741 1660 sanguine
759 1563 895 1643 cultros.

132 1681 232 1755 Fibra
247 1709 378 1780 qnoque
397 1709 480 1776 aegra
494 1697 589 1753 notas
605 1680 671 1752 veri
685 1680 898 1780 monitusque
913 1680 1061 1754 Deorum
1136 1705 1187 1756 ooo

134 1797 344 1872 Perdiderat:
359 1797 469 1869 tristes
484 1814 657 1897 penetrant
671 1795 711 1869 ad
729 1796 851 1869 viscera
864 1796 982 1869 morbi.

134 1921 220 1993 Ante
236 1947 345 1992 sacros
363 1917 429 1990 vidi
447 1918 591 2018 projecta
609 1917 761 1990 cadavera
778 1935 914 2015 postes:

135 2044 223 2115 Ante
238 2041 343 2142 ipsas,
363 2069 429 2140 quo
446 2067 535 2112 mors
550 2039 636 2111 soret
649 2039 860 2124 invidiosior,
879 2067 949 2112 aras

137 2164 217 2235 Pars
235 2162 375 2236 animam
392 2159 512 2261 laqueo
531 2159 706 2248 claudunt,
724 2161 906 2260 mortisque
923 2162 1073 2234 timorem

137 2376 248 2420 exorato
265 2385 279 2418 a
295 2364 352 2417 Diis
370 2383 465 2433 preces.
479 2391 512 2403 -
527 2366 634 2425 Arima,
718 2363 776 2416 boo.
796 2366 892 2426 meu
911 2363 984 2417 tibere
995 2363 1099 2433 proprie
1112 2375 1189 2419 exto*

138 2445 201 2509 vita,
214 2443 283 2511 quod
294 2461 363 2495 unus
375 2442 433 2495 MS.
443 2441 546 2510 eglossa
554 2441 639 2495 habet.
687 2461 747 2495 rum
765 2443 954 2509 extremitates,
972 2441 1068 2497 deinde
1081 2446 1191 2498 omnino

171 2521 225 2592 593.
244 2522 453 2587 Admotipeotr'es
464 2523 577 2586 templis,
591 2529 639 2572 etc.
688 2531 759 2586 exta,
769 2521 818 2574 boc
827 2532 877 2581 est.
892 2523 973 2590 jecur,
983 2540 1038 2587 cor,
1047 2523 1192 2591 pulmones,

138 2599 277 2669 Virgilius,
289 2599 385 2669 Georg.
395 2599 445 2664 ΙΙΙ,
459 2599 520 2664 486:
534 2600 601 2665 Soepe
613 2603 640 2650 irs
688 2601 810 2666 —AEgra,
826 2599 960 2652 vitiata-
970 2601 1051 2653 Notas
1061 2601 1192 2673 oerisigna

137 2681 228 2731 horrore
238 2681 319 2732 Deum
332 2682 412 2731 medio
422 2685 495 2730 stans
509 2681 593 2730 hostia
606 2679 645 2729 ad
689 2677 782 2745 quibus
800 2696 892 2730 verum
912 2678 1084 2747 cognoscitur.
1097 2681 1146 2732 Ed.
1159 2707 1193 2721 -

136 2759 384 2817 aram,larreadoer
396 2763 469 2810 reeca
476 2759 645 2809 circumdatur
688 2756 853 2817 Perdiderat,
876 2754 947 2823 quod
970 2765 1030 2808 ante
1052 2755 1193 2810 Heinsium

136 2835 301 2904 ersulaortta,
319 2838 644 2890 latercuuctautescecidit
688 2830 860 2900 vulgabatur,
880 2844 906 2884 et
926 2833 953 2884 in
972 2831 1091 2901 piurimis
1110 2834 1192 2889 MSS,

138 2917 283 2966 moribunda
302 2920 435 2967 rnr'erstros.
454 2915 510 2967 Aut
525 2919 553 2966 si
568 2933 641 2983 quaer
691 2912 734 2975 (et
745 2910 771 2963 in
781 2909 1093 2980 Regiisnostrisquoque)
1102 2924 1192 2981 exstat,

130 2994 203 3061 ferro
212 3000 365 3045 mactaoerat
372 3001 431 3046 arete
440 2996 564 3055 sacerdos,
580 2995 643 3046 Irrde
689 2987 806 3038 remeavi
819 2987 875 3039 ¹0⁶0
881 2990 1033 3053 prodiderat.
1045 2987 1124 3041 Dolet
1133 2989 1193 3042 AEa·

138 3090 216 3139 oeque
226 3076 349 3138 irrrpositis
358 3074 448 3124 arderet
457 3075 552 3124 altariis
550 3074 644 3141 fibris5
690 3082 752 3130 ⁶11⁸,
767 3064 836 3132 quod
849 3084 882 3117 ne
896 3085 926 3119 ex
941 3065 1000 3134 ipsis
1011 3064 1117 3133 quidem
1132 3067 1195 3122 extis

140 3150 193 3200 Nec
200 3153 537 3216 resporsapotestcorrsuttes
545 3151 645 3201 reddere
691 3141 795 3194 tonsilia
803 3142 922 3194 Deorum
930 3143 956 3194 in
968 3163 995 3195 re
1005 3154 1057 3195 tam
1068 3143 1132 3195 tristi
1142 3147 1196 3213 peti

140 3229 644 3297 vatessdcotxsupposititr'rrgurrtursar·
691 3219 840 3287 Ρθωὲῐῑῃίῑ
853 3220 970 3272 ¹¹¹⁰rbid³
983 3220 1055 3272 enim
1067 3221 1196 3286 visperdt'·

138 3305 307 3366 guinemari,
321 3303 646 3370 Summaquestlbnasame
691 3298 775 3359 derat,
793 3308 946 3366 corruperat
966 3297 1019 3365 ipsa
1035 3298 1145 3364 viscera,
1165 3308 1195 3351 ut

140 3376 376 3443 r'rrsrescaterarerra.
389 3406 422 3418 -
441 3383 505 3432 Vota
520 3386 642 3448 concipit,
691 3396 773 3428 uerum
792 3375 853 3428 inde
870 3377 988 3445 cognosci
1007 3375 1079 3428 baud
1102 3388 1196 3445 posset.

141 3455 281 3506 formulam
289 3473 395 3523 precum
402 3457 501 3522 recitat,
514 3457 645 3524 conceptis
692 3453 802 3506 Iacnzius
809 3457 955 3521 prodiderat
962 3454 1026 3522 erpi.
1038 3453 1195 3508 deseruerat.

143 3532 227 3585 verbis
236 3541 355 3602 precatur
368 3550 374 3582 τ
386 3531 504 3599 Tacitus,
515 3534 582 3587 Hist
593 3534 643 3600 tV,
692 3532 798 3582 -Arrte
809 3537 893 3597 ipsas,
906 3542 954 3583 etc.
964 3531 1023 3583 Hoc
1032 3531 1084 3597 jam
1096 3531 1195 3585 dictum

143 3611 185 3676 31,
187 3610 360 3678 jurisjurandi
363 3612 576 3676 uerbacorrcrpere,
585 3628 646 3680 pro·
693 3627 769 3660 versu
781 3611 837 3679 ⁵9¹·
856 3607 953 3676 Regius
969 3608 1047 3678 igitur
1064 3622 1122 3678 post
1136 3630 1197 3662 aras

143 3690 268 3742 nunciare
280 3686 420 3739 formulam
429 3684 646 3754 jurisjurandi-
693 3681 763 3735 delet
776 3693 919 3750 punctum,
939 3695 968 3736 ut
982 3683 1036 3737 baec
1048 3687 1197 3740 cohereant

143 3772 235 3822 Parem
253 3786 393 3820 commune
410 3784 499 3818 rerum
514 3784 645 3819 sacrarum
693 3763 933 3830 cumsequentibus.
942 3765 1002 3817 Non
1011 3765 1127 3818 mate:ei
1134 3785 1197 3836 ergo

142 3847 284 3917 epitheton,
299 3846 342 3899 Sic
355 3845 396 3910 ΙΙ,
412 3844 474 3914 713,
485 3862 550 3910 pura
563 3862 641 3903 vasa,
693 3843 1196 3911 obsequutussum.-trro1itiosa,odiosa,

142 3925 186 3978 ubi
197 3924 248 3976 vid.
261 3934 353 3976 not-
366 3925 469 3982 Vulnus,
483 3918 645 3983 ictuscuitri,
694 3920 1020 3977 abominabilisbucretius
1029 3964 1036 3990 ,
1046 3926 1103 3991 vl,
1120 3944 1196 3994 1270:

140 3996 647 4070 consequensproantecedente.-Mala
697 3999 1084 4067 Omniaderu'pueserctalteum
1095 4007 1198 4054 delubra

141 4083 246 4147 omnia,
259 4081 279 4133 si
293 4081 395 4133 victima
404 4089 512 4148 repente
523 4080 645 4138 cadebat,
693 4080 799 4143 replerat
816 4079 962 4144 Corporibus
975 4099 1041 4130 mors
1054 4086 1179 4132 creareris
1186 4098 1197 4146 ,·

139 4165 247 4227 irregr'tes
257 4158 367 4224 edebat,
379 4162 540 4225 aegrumque
551 4154 648 4208 sunde—
694 4164 720 4206 et
731 4157 792 4223 rapt,
803 4174 809 4208 :
820 4157 873 4207 Nec
877 4157 936 4222 jam
942 4160 1029 4224 religio
1036 4155 1196 4214 Deberem

140 4238 185 4292 bat
196 4244 348 4306 sanguinem.
360 4238 458 4305 Largus
468 4246 559 4289 eontra
570 4255 648 4289 cruor
694 4237 795 4285 eumt'rta
817 4239 905 4299 magni
917 4236 1091 4287 pendebantur
1106 4255 1115 4288 .·
1131 4241 1197 4287 enim

142 4318 255 4368 faustum
263 4315 374 4385 signnm.
384 4314 498 4373 Plinius,
513 4313 615 4378 Pan.V,
623 4313 647 4365 3.
690 4331 800 4380 presens
810 4317 883 4365 dolor
895 4320 1066 4380 exsuperabat.
1076 4342 1110 4354 -
1120 4316 1195 4368 Arri-

143 4394 325 4458 ·-Subjectos‚
343 4393 370 4443 in
385 4393 461 4445 sacris
472 4391 547 4445 cultri
559 4392 648 4445 subter
694 4410 760 4443 maru
779 4394 899 4443 claudunt
908 4431 915 4453 ,
937 4391 1065 4458 breviter,
1085 4391 1197 4457 clausis,

143 4470 263 4543 iugulum
275 4469 342 4540 adigi
353 4469 477 4531 solebant.
695 4469 839 4525 constrictis
852 4508 859 4538 ,
875 4468 967 4539 laqueo
985 4470 1101 4525 saucibus
1112 4470 1198 4538 impe-
