2662 5092
299 109 816 172 hll³]'l‘;thl()Rl'lltlSliOh'
846 114 942 173 tlh.
972 114 1011 173 l.
1123 116 1187 197 (thr,

130 282 149 305 «ι
171 245 264 340 Quid
283 246 388 317 tucis?
406 246 562 318 exclamat
580 276 586 317 ι
606 275 676 344 quae
696 264 745 331 te,
764 277 934 342 germane,
955 250 1114 322 lurentenr

131 394 150 421 »
171 361 271 432 Mens
288 361 357 454 agit
373 361 407 432 in
425 360 578 433 lacinus?
594 361 761 435 meritisne
778 362 846 434 haec
863 364 963 457 gratia
984 367 1082 439 tantis

128 508 149 539 »
170 474 362 548 Redditur?
377 475 438 548 hac
452 475 551 549 vitam
568 460 794 551 servatae'dore
811 478 989 577 rependis?
1161 503 1190 554 ιτ»

131 623 148 655 »
171 591 285 687 Quam
303 591 364 663 tibi
381 619 450 663 non
466 591 624 676 Persem,
642 619 754 664 verum
772 591 801 664 si
819 592 958 691 queris,
977 591 1119 681 ademit,

131 740 150 770 »
171 704 241 778 Sed
258 714 352 799 grave
367 690 548 778 Nereidum
562 734 704 792 numen,
724 706 782 779 sed
800 706 951 801 corniger
967 711 1129 797 Ammon,

133 854 150 884 »
173 818 241 891 Sed
259 846 331 918 que
347 818 527 892 visceribus
545 820 697 913 veniebat
712 818 821 894 bellua
839 839 946 921 ponto

132 968 150 1000 u
171 935 401 1009 Exsaturanda
415 935 497 1009 meis
513 934 595 1008 :illo
616 937 677 1009 tibi
695 954 841 1038 tempure
856 955 951 1038 rapta
966 955 1037 1025 est,

133 1089 151 1121 a
172 1057 254 1154 Quo
271 1059 416 1157 peritura
432 1057 515 1143 snit;
534 1058 599 1130 nisi
616 1059 645 1131 si
661 1059 802 1133 crudelis
819 1061 852 1131 id
870 1062 980 1161 ipsum
1161 1097 1193 1135 πο

133 1212 152 1243 a
170 1179 308 1275 Exigis,
326 1197 365 1254 ut
380 1197 508 1280 pereat,
526 1178 685 1283 luctu-qne
702 1180 850 1255 levabere
868 1201 996 1256 nostro.

132 1334 151 1366 a
171 1301 306 1376 Scilicet
317 1302 406 1376 haud
420 1304 498 1376 satis
513 1321 579 1392 est,
596 1304 705 1405 quod,
725 1322 756 1377 te
770 1323 954 1405 spectante,
967 1306 1111 1380 revincta
1121 1321 1190 1393 est;

165 1520 203 1574 13.
217 1521 445 1589 (turnacense.
459 1523 523 1576 Haee
533 1523 635 1589 oratio,
684 1524 750 1576 sicut
773 1524 870 1579 viscera
896 1538 992 1580 nostru.
1011 1554 1044 1568 ·-
1064 1528 1117 1580 sed
1136 1544 1192 1579 non

130 1616 191 1667 ques
202 1597 231 1650 in
242 1599 280 1650 rei
292 1598 445 1669 indignitate
456 1602 636 1654 demonstran·
684 1601 740 1654 sine
750 1602 795 1654 via
805 1603 900 1655 Nostro
908 1604 1000 1672 passim
1009 1605 1046 1659 sie
1054 1605 1191 1674 repetitur,

129 1674 165 1729 ds
174 1687 303 1742 versatur,
313 1680 436 1731 convenit
445 1679 637 1747 personaeseuis
686 1697 767 1747 quum
781 1680 917 1734 sententiar
925 1693 1126 1735 coacervantur:
1141 1680 1192 1733 vid.

130 1752 247 1821 justi-
258 1757 322 1819 Qua·
338 1762 368 1807 le.
391 1756 515 1809 Heinsius
525 1796 532 1822 ,
543 1756 583 1809 vel
595 1757 639 1808 in·
688 1756 801 1825 Quintil.
815 1759 878 1811 lust.
890 1760 938 1812 Or.
949 1760 1005 1824 lX,
1017 1776 1069 1823 111,
1086 1762 1134 1826 48,
1149 1759 1194 1812 ubi

130 1828 192 1882 vitis
202 1830 362 1883 membranis
376 1842 465 1884 censet
479 1832 637 1901 legendum,
687 1834 729 1887 hio
741 1836 794 1903 ipse
804 1835 875 1888 locus
886 1838 917 1887 ah
932 1857 963 1889 eo
973 1837 1108 1890 laudatur:
1119 1837 1155 1890 sic
1166 1848 1194 1891 et

130 1908 201 1975 quod
208 1914 248 1972 te,
269 1918 298 1959 ut
313 1910 488 1977 conjungatur
499 1909 640 1976 cumjace'-
688 1913 717 1975 l,
740 1914 796 1981 595.
808 1938 840 1951 ·-
852 1915 932 1965 Ponto
948 1912 1045 1965 habeut
1056 1913 1171 1982 plerique
1183 1952 1191 1979 ,

130 2000 233 2036 m·
245 1982 335 2037 Codex
353 1985 450 2053 Regius
470 1986 512 2051 B,
528 2006 582 2053 que
594 1994 638 2050 te,·
688 1987 1192 2058 undelleinsiusrerepit;sedanteeum

132 2062 228 2117 Codex
238 2065 280 2133 A,
291 2070 325 2134 J:
337 2065 416 2119 dubia
428 2066 519 2125 lectio;
534 2085 596 2118 nam
611 2066 638 2117 in
688 2065 909 2132 edebatur'poalr',
925 2066 1087 2134 quodetiam
1102 2068 1193 2137 Quin-

130 2140 184 2197 laoc
198 2141 313 2212 Codice,
326 2144 420 2198 lineola
433 2144 640 2197 multifariasin-
689 2144 792 2197 tilianus
816 2144 924 2209 laudat,
949 2157 976 2199 et
995 2147 1092 2201 habent
1109 2149 1191 2203 nostri

131 2218 203 2273 dicas
213 2220 310 2274 litteras
319 2243 326 2285 ς
335 2232 424 2274 tamen
434 2221 556 2274 noudum
568 2222 640 2273 loeus
688 2221 772 2290 Regii.
783 2251 816 2261 —
830 2226 917 2291 stapla
926 2232 972 2277 est.
982 2224 1044 2277 Duo
1055 2224 1193 2283 hidenses

131 2298 247 2351 ooeurris
257 2298 419 2368 ubiquodrel
429 2297 624 2367 qur'dindicaret
630 2337 638 2365 ,
687 2311 715 2353 et
722 2301 1096 2375 tresaliidantadesrplaRegii
1102 2307 1194 2372 nostri,

131 2393 193 2444 ques
204 2377 328 2431 voeabula
340 2378 479 2447 pessimita
490 2376 641 2447 significan·
687 2387 767 2445 rapta.
782 2406 816 2419 -
828 2383 921 2433 Bellua
935 2387 1031 2437 ademi!
1044 2384 1121 2452 paulo
1138 2383 1194 2436 du-

131 2464 179 2509 tus·
187 2458 251 2525 qil,
260 2457 299 2509 vel
309 2451 362 2525 quid
369 2478 377 2509 .·
390 2458 451 2511 alias
463 2457 641 2527 diphthongus
689 2456 761 2521 rius,
785 2455 889 2511 ademta
901 2459 945 2511 tibi
963 2478 1012 2525 eo,
1029 2460 1099 2528 quod
1111 2460 1194 2515 deso-

130 2535 263 2598 aretae,
276 2546 383 2591 notatur
389 2556 476 2606 pere.
486 2537 539 2590 sive
546 2536 641 2605 persi·
688 2535 770 2589 reuda
786 2536 916 2605 proposita
922 2548 979 2590 erat
990 2538 1089 2590 bellue.

131 2614 642 2692 ‘nequeadgraecatiremevetppe-
721 2633 761 2666 ao.
776 2617 836 2666 orsa·
849 2622 880 2667 εἰ.
901 2614 982 2667 MSS.
994 2616 1152 2669 Bersmanm
1168 2628 1196 2671 et

130 2693 303 2748 temserunt.
315 2697 402 2746 Μ·-
410 2697 496 2753 Mens,
511 2703 540 2746 ut
551 2698 640 2760 θνμὸς,
689 2693 805 2761 quinque
817 2693 877 2759 alii,
889 2697 945 2745 sisi
953 2700 988 2744 lu.
1008 2693 1096 2747 Nostri
1120 2694 1195 2765 Regii

130 2772 187 2837 ira,
198 2773 307 2827 insania
318 2774 404 2827 Tibul.
413 2775 465 2840 IV,
474 2791 522 2838 111,
534 2794 547 2844 7
559 2793 565 2826 :
578 2778 642 2839 Quis
689 2773 788 2827 habent
803 2774 950 2839 vulgatam.
965 2777 1026 2827 rti'sr'
1040 2780 1069 2826 si
1083 2775 1152 2829 hene
1167 2796 1195 2829 se

124 2847 265 2917 fremere,
277 2871 331 2919 que
337 2871 406 2904 urens
414 2853 430 2904 ?
438 2851 503 2904 Hor.
515 2850 644 2918 l,Ep.11,
689 2849 781 2913 haben
795 2851 846 2904 vid.
860 2851 952 2905 Heius.
963 2851 994 2903 ad
1009 2851 1195 2918 Hemiddlv,

132 2928 169 2981 60
180 2932 273 2983 :dolor
284 2935 348 2998 quid
354 2936 465 2983 suaserit
479 2937 506 2982 et
520 2947 597 2981 nens.
608 2955 642 2969 ·-
690 2929 713 2982 3.
723 2931 810 2983 Etiam
819 2928 914 2983 Cirero
921 2929 953 2982 de
959 2930 1047 2983 Dicin.
1056 2930 1115 3005 V,9
1124 2935 1202 2985 :Nisi

132 3008 249 3070 -Dos,
263 3010 415 3078 premium,
429 3005 643 3077 quatenusdatur
688 3016 750 3065 siis
757 3012 916 3061 Ihlssah'asae
924 3010 1197 3079 aufisfferr'le-Is'u‘gr's,

132 3104 233 3155 sponso
242 3087 347 3157 nuptias
355 3087 504 3142 celebranti.
513 3112 546 3125 -
557 3087 643 3138 Vim
689 3094 825 3156 ulpereat,
844 3086 978 3157 exigebas,
991 3098 1021 3140 ut
1033 3089 1139 3157 periret.

131 3170 385 3233 senahnpendere,
398 3184 507 3236 operam
517 3165 576 3218 vitoe
586 3183 644 3218 ser*
724 3170 830 3219 22-25.
846 3165 950 3218 Scilicet
970 3168 1043 3218 had
1063 3171 1129 3218 salis
1148 3177 1196 3219 ete„

131 3253 202 3295 astes
211 3262 389 3313 compensare.
691 3246 753 3299 Non
772 3241 890 3311 urgenda
907 3241 961 3296 hee
979 3253 1058 3301 souti
1080 3242 1197 3297 Phineus

171 3338 210 3390 17.
229 3324 312 3375 Gme
321 3343 424 3379 namu.
441 3322 532 3388 idest,
545 3330 643 3389 polens.
691 3320 764 3373 enim
775 3319 871 3372 viribus
883 3319 936 3372 suis
947 3337 997 3372 nee
1009 3318 1079 3372 solus
1088 3319 1197 3372 liberare

135 3396 382 3453 hid-Nereidum.
396 3399 463 3452 Vide
476 3399 507 3451 ad
524 3400 573 3464 lV,
586 3399 644 3471 569
692 3396 913 3462 Andromedam,
935 3416 986 3450 nee
1008 3398 1105 3451 Perseo
1126 3397 1197 3450 tioc-

133 3500 169 3516 -
182 3476 312 3544 Comrkn,
329 3479 391 3546 quia
401 3479 449 3530 sub
462 3477 549 3529 arietis
559 3477 645 3529 soma
691 3476 762 3531 ranti
779 3494 858 3547 opem
870 3477 945 3530 serre.
961 3504 993 3517 -
1011 3476 1043 3529 ln
1055 3474 1094 3528 his
1113 3475 1198 3529 verbis

132 3552 297 3608 oolebatura
314 3555 416 3628 Libycis
434 3555 561 3624 gentibus.
574 3553 644 3607 Vide
691 3554 1198 3624 ironiaest,quaPhineoiusultatfratec

134 3633 351 3689 Freinshemium
372 3635 406 3688 ad
427 3634 568 3696 Curtium,
592 3635 643 3700 Ν,
693 3632 825 3704 Cepheus.
845 3634 938 3703 Quum
958 3633 1073 3686 enimet
1091 3643 1199 3703 patruus

133 3728 193 3780 vn,
213 3713 253 3767 ad.
269 3742 303 3755 -
326 3717 469 3769 Vs'scerr'bus
487 3719 564 3767 urere.
592 3712 646 3766 fitia
692 3720 720 3764 et
728 3730 840 3780 sponsus
853 3721 919 3763 esset
933 3709 1126 3777 Andromede,
1146 3710 1198 3763 ali-

134 3808 205 3842 mea
228 3793 334 3845 Viscera
352 3802 379 3845 et
401 3794 537 3860 σπλάγχνα,
550 3790 643 3858 liberi,
693 3788 755 3857 quid
774 3800 845 3843 certe
858 3788 943 3842 auxilii
960 3790 1055 3844 afferre
1067 3788 1198 3847 dehehat;

135 3867 216 3921 amici
225 3879 253 3922 et
264 3869 421 3940 quicumque
431 3869 565 3926 nobiscari
573 3877 645 3937 sunt,
693 3886 776 3938 quum
800 3886 864 3922 vcro
884 3867 950 3923 nihil
968 3887 1073 3938 prorsus
1096 3862 1202 3926 tulerit,
