2662 5092
511 233 536 241 ι.
559 232 596 239 ›—-·
618 234 624 235 ff
658 73 816 245 ι-
836 231 930 238 -Ὗ---4

294 764 807 834 METAMORPHOSEON
836 770 932 836 LIB.
958 771 1024 838 IV.
1130 768 1190 851 341

137 903 299 978 Constitit
317 905 497 1004 Hesperio,
516 905 627 998 regnis
644 905 812 993 Atlantis,
830 907 866 978 in
883 909 982 994 orbe;

135 1018 365 1118 Exiguamque
383 1020 469 1118 petit
486 1019 653 1118 requiem,
673 1018 752 1093 dum
769 1019 904 1094 Lucifer
916 1022 1011 1117 ignes

136 1136 265 1208 Evocet
281 1135 436 1219 Aurora,
456 1162 571 1207 currus
588 1137 720 1207 Aurora
736 1134 884 1208 diurnos.

135 1249 202 1321 Hie
218 1248 393 1322 hominum
412 1268 551 1324 cunctos
568 1250 696 1344 ingenti
715 1277 854 1351 corpore
870 1269 1026 1350 praestans
1153 1275 1202 1327 630

135 1365 360 1464 Iapetionides
378 1365 473 1440 Atlas
487 1365 550 1439 suit
564 1397 572 1439 ε
588 1365 704 1441 ultima
722 1366 820 1441 tellus

136 1480 229 1574 Rege
248 1481 311 1553 sub
328 1480 411 1567 hoc,
429 1499 462 1554 et
477 1499 602 1581 pontus
620 1501 703 1569 erat,
724 1484 781 1582 qui
799 1481 888 1556 Solis
905 1481 1032 1556 anhelis

133 1597 288 1697 AEquora
304 1597 418 1670 subdit
433 1599 549 1698 equis,
569 1617 602 1672 et
617 1600 723 1674 sessos
740 1601 863 1701 excipit
879 1629 964 1674 axes.

135 1717 232 1792 Mille
247 1748 362 1815 greges
380 1720 446 1808 illi,
467 1722 671 1824 totidemque
690 1742 835 1798 armenta
851 1752 913 1825 per
928 1723 1048 1797 herbas
1109 1728 1112 1733 ’

135 1843 325 1932 Errabant;
345 1863 377 1917 et
393 1846 531 1920 humum
549 1844 668 1921 ricinia
685 1848 777 1922 nulla
795 1848 996 1948 premebant.
1149 1868 1198 1921 635

135 1966 295 2040 Arboreae
312 1967 469 2055 frondes,
487 1996 568 2042 auro
583 1969 730 2045 radiante
744 1970 906 2058 virentes,

134 2180 181 2233 ubi
198 2182 372 2251 Mauritania,
391 2185 505 2240 Atlantis
521 2207 641 2257 regnum.
691 2190 745 2257 jam
758 2187 854 2242 orienti
867 2187 921 2241 Soli
935 2187 1032 2241 dantur
1044 2206 1059 2240 a
1071 2186 1199 2257 Virgilio,

133 2262 304 2314 -Erocate
322 2264 393 2332 regia
408 2264 491 2332 Solis,
507 2266 534 2318 in
548 2285 598 2334 qua
615 2278 642 2320 et
691 2266 787 2336 Georg.
809 2267 838 2334 1,
858 2270 913 2319 2⁵0.
930 2293 964 2307 ·-
981 2270 1058 2320 Fessi
1071 2283 1149 2326 axes,
1170 2273 1200 2316 ut

132 2337 195 2408 vigil
216 2339 320 2393 Aurora
342 2353 368 2394 et
386 2362 478 2397 currus
501 2348 595 2405 diurni,
614 2343 641 2396 id
683 2343 763 2411 Jmae
773 2365 849 2399 cursu
863 2365 946 2399 nares.
960 2345 1077 2409 Plinius,
1090 2345 1134 2410 V,
1150 2343 1198 2413 Ep.

134 2429 191 2486 est,
204 2421 306 2475 solares.
322 2423 365 2489 ΙΙ,
382 2424 427 2476 roh
435 2444 490 2493 sqq.
509 2429 603 2478 Vocari
610 2425 641 2478 ab
691 2439 738 2489 v1,
757 2427 787 2490 ¹4
799 2443 806 2475 :
818 2444 895 2476 auras
905 2429 988 2490 spatio
1000 2428 1056 2490 r'pso
1067 2427 1160 2474 lassas.

134 2495 221 2565 aliqua
231 2517 258 2549 re
273 2497 368 2551 dicitur
381 2499 424 2566 id,
438 2501 507 2569 quod
523 2521 582 2554 eam
594 2521 641 2554 se·
723 2502 778 2555 635.
798 2504 891 2554 Errare
902 2502 1014 2553 verbum
1027 2499 1162 2570 proprium
1172 2510 1199 2552 et

135 2572 233 2641 quitur.
243 2574 334 2643 Virgil.
347 2575 480 2646 Georgi,
496 2578 566 2630 388:
585 2580 642 2630 Vo-
691 2579 794 2647 elegans
814 2578 846 2630 de
868 2578 988 2647 gregibus
1008 2587 1035 2630 et
1055 2577 1197 2642 armentis,

133 2655 298 2718 catplurr'am
312 2661 407 2707 cornix.
420 2655 553 2708 Leidensis
564 2655 643 2708 hahet
691 2675 748 2725 qne
761 2664 903 2725 pascuntur
914 2656 942 2708 in
959 2665 1040 2724 prato.
1054 2655 1198 2725 Virgilrus,

129 2739 268 2799 provocem
290 2735 372 2786 nostri
386 2735 478 2803 Regii,
502 2743 591 2788 erocel.
609 2763 643 2775 —
691 2733 787 2803 Georg.
800 2734 834 2797 l,
856 2728 1125 2787 152cur'Tcrcentulrr
1135 2737 1203 2784 nirer'

135 2809 235 2862 Currus.
256 2810 345 2864 Nostri
359 2811 448 2879 Regii,
466 2832 561 2866 cursus.
690 2814 794 2864 tondeat
804 2814 904 2863 dumeta
909 2811 1022 2877 juvenci.
1040 2810 1133 2863 Priscis
1145 2828 1198 2862 au-

167 2886 226 2938 630.
236 2889 482 2949 cunctabundum,
496 2909 580 2958 graeco
588 2910 642 2943 rno-
691 2897 745 2939 tem
761 2887 936 2957 temporibus,
949 2906 1034 2955 greges
1048 2897 1075 2940 et
1085 2893 1199 2939 armenta

131 2982 172 3016 re.
185 2963 241 3014 Liv.
254 2965 347 3031 XXX,
361 2986 392 3037 9,
405 2968 642 3033 expedr'tr'mr'lr'tum.
691 2967 810 3019 maximae
829 2967 945 3036 ipsorum
964 2985 1057 3036 regum
1079 2984 1147 3034 opes·
1165 2991 1198 3003 -

132 3043 290 3105 -cuacros,
303 3049 466 3110 procurrclr's,
480 3043 642 3097 deditHein·
696 3047 891 3111 Vr‘cr'rrr'arrulla,
904 3045 963 3113 quia
971 3045 999 3097 in
1011 3055 1128 3097 extremo
1134 3043 1198 3094 orbe

131 3118 185 3172 sius
197 3138 228 3171 ex
240 3119 394 3172 Florentino
407 3120 434 3174 S.
448 3121 550 3187 Marci,
570 3123 642 3175 Ber·
693 3121 862 3186 terrarumssad
873 3121 1012 3177 Oceanum
1023 3122 1199 3175 habitabat.—

131 3197 294 3266 neggeriano
312 3209 339 3250 et
358 3199 440 3251 tribus
459 3199 519 3252 aliis.
546 3199 643 3253 Noster
690 3199 939 3254 Premebanl.Nostri
946 3199 1202 3269 Regii,premeba!vr'·

133 3275 235 3346 Regius
253 3276 421 3341 A,cur1clr's,·
440 3288 566 3331 neutrum
578 3278 643 3331 mihi
691 3283 760 3331 cirria
773 3278 800 3331 in
816 3279 946 3331 feminino
965 3297 1070 3348 genere.
1088 3281 1200 3330 Premere

133 3354 218 3424 placet
229 3375 236 3418 ς
249 3364 275 3407 et
287 3355 363 3407 lertio
375 3354 479 3409 Codicis
491 3357 530 3421 B,
543 3364 641 3418 custos,
692 3358 840 3427 eleganter,
853 3377 901 3428 pro
912 3360 1050 3419 includere,
1065 3375 1184 3410 coercere.

133 3431 189 3484 sola
197 3432 298 3485 sincera
305 3432 371 3484 milri
379 3432 482 3485 videtur
492 3452 498 3484 :
507 3433 575 3501 apud
584 3433 643 3486 Ho-
718 3437 775 3491 636,
782 3435 1059 3503 Arboreaesrorrdesetc.
1066 3435 1199 3488 Haecsunt

133 3528 241 3563 merum
255 3510 363 3563 enimet
377 3522 483 3564 caeteros
492 3521 595 3581 poetas,
604 3530 643 3564 re·
691 3513 734 3566 illa
747 3533 825 3566 aurea
831 3533 923 3580 poma,
942 3532 1000 3581 quae
1012 3513 1054 3565 alii
1066 3512 1199 3582 Hesperi·

133 3608 180 3659 ges
191 3601 253 3642 sunt
263 3594 365 3656 ποιμένες
373 3598 444 3653 λαῶν,
457 3600 643 3657 pastores,cus·
692 3589 782 3657 dibus,
793 3591 905 3643 Atlantis
914 3591 1013 3644 filiabus
1022 3629 1029 3657 ,
1039 3590 1198 3644 tribuebant.

133 3666 210 3720 todes
219 3668 384 3736 populorum.
396 3669 445 3718 Ed.
453 3667 583 3728 -Allas‚
600 3668 643 3721 la·
692 3671 822 3721 Veterum
834 3668 876 3720 alii
887 3664 967 3720 citrea
977 3668 1145 3721 relaurantia
1157 3668 1200 3719 in-

132 3745 189 3814 peti
202 3745 270 3798 filius
282 3783 289 3811 ,
300 3745 466 3797 Mauritania
476 3763 537 3809 rer,
548 3763 642 3813 quern,
692 3744 831 3816 telligenda
852 3765 906 3799 esse
927 3747 1053 3815 putabant
1067 3785 1075 3810 ,
1100 3743 1198 3797 Athen.

133 3843 220 3893 quum
230 3823 406 3877 Astronomiae
419 3833 486 3875 esset
497 3821 642 3887 studiosus,
692 3823 734 3876 lib.
746 3823 802 3890 ΙΙΙ,
812 3845 836 3894 p.
847 3827 878 3878 82
889 3844 926 3893 sq.
936 3864 943 3890 ,
954 3823 996 3876 alii
1002 3842 1064 3876 ovea
1073 3831 1201 3892 praetun-

131 3901 315 3972 sphaeramque
326 3901 480 3965 invenisset,
492 3899 644 3953 cetumhu-
692 3902 801 3956 tissimas
815 3902 901 3956 colore
916 3903 994 3956 rutilo
1005 3924 1012 3965 ;
1031 3901 1114 3971 poetis
1126 3901 1198 3953 enim

131 3982 438 4050 merissnstinerepoetae
450 3979 643 4032 finxeruntsic
692 3999 753 4034 oves
763 3989 826 4049 μῆλα
838 3980 998 4034 dicebantur.
1017 3979 1126 4034 Diodur.
1147 3981 1197 4047 lv,

133 4058 192 4112 Cic,
207 4060 284 4113 Ture.
298 4061 333 4126 V,
346 4060 379 4122 3;
396 4057 487 4110 lsidor.
501 4057 544 4109 lib.
556 4056 642 4121 XlV,
691 4058 789 4127 p..233;
803 4058 916 4129 Palaepb.
927 4078 965 4130 ¹9·
974 4058 1200 4127 Quumpornaau·

130 4156 188 4206 cap.
202 4139 225 4190 8.
235 4163 268 4178 ·-
283 4139 387 4188 Ullr'rna.
400 4134 469 4188 Vide
482 4133 514 4186 nd
528 4134 572 4200 ll,
587 4136 643 4200 254·
692 4155 737 4190 rea
752 4136 791 4190 his
805 4136 940 4190 arboribus
957 4135 1017 4188 data
1034 4145 1138 4202 essent,
1158 4135 1200 4187 alii

130 4215 376 4282 -Ponlusaequora
385 4216 482 4273 subdit,
499 4210 587 4264 subdit
597 4231 641 4277 se,
692 4226 718 4269 et
718 4214 827 4282 frondes
834 4235 964 4284 ramosque
970 4215 1103 4269 tinxerunt
1115 4235 1145 4267 er
1154 4233 1201 4266 eo-

132 4310 214 4359 aquas
223 4312 294 4354 suas,
303 4291 380 4344 undis
390 4291 442 4344 suis
451 4289 543 4359 excipit
554 4308 643 4359 equos.
692 4292 754 4346 dem
765 4295 878 4349 metallo.
893 4295 924 4347 ln
939 4294 1097 4348 Mauritania
1111 4293 1200 4345 hortos

131 4369 230 4439 Virgil.
242 4369 347 4422 AEneid.
359 4371 399 4435 X,
415 4369 460 4422 103
475 4371 644 4435 :premitpla-
691 4370 747 4426 illos
759 4372 921 4426 collocarunt
931 4382 958 4425 et
971 4370 1029 4438 alii,
1043 4383 1072 4425 ut
1084 4371 1198 4431 Plinius,

119 4452 197 4503 .cr'da
204 4467 300 4515 equora
307 4454 411 4514 pontu,
422 4447 519 4516 premit
526 4466 584 4500 suas
592 4466 644 4499 un·
692 4448 762 4502 trist.
771 4451 830 4504 Nat.
840 4448 876 4515 V,
886 4454 913 4512 5,
923 4449 956 4502 de
964 4449 1028 4502 Lixo
1037 4448 1118 4515 ,illius
1125 4455 1202 4499 tense

134 4527 202 4594 das,
221 4538 252 4583 ut
263 4526 403 4595 quiescant.
423 4554 456 4567 ·-
472 4527 570 4582 Aureli
587 4531 648 4596 equi
693 4526 855 4594 urbe,r'br'et
862 4529 1027 4596 Hesperidum
1034 4528 1115 4588 hadr}
1129 4541 1205 4578 nort-
