2662 5092
134 834 193 897 18²
414 826 453 892 P.
480 827 664 896 0v1n11
691 824 923 894 NASONIS

128 971 233 1041 Nacta
250 995 367 1040 nemus
386 966 547 1062 gelidum,
566 966 607 1041 de
623 996 691 1068 qno
707 995 782 1041 curn
799 992 967 1041 murmure
983 964 1106 1041 labens
1143 988 1193 1058 45⁵

129 1083 225 1168 Ibat,
245 1101 278 1156 et
295 1083 422 1157 attritas
438 1083 589 1157 versabat
604 1084 694 1157 rivus
711 1110 834 1159 arenas.

129 1199 178 1269 Ut
193 1196 265 1272 loca
281 1197 443 1287 laudavit,
462 1227 606 1273 summas
622 1200 706 1301 pede
723 1198 866 1295 contigit
881 1196 1011 1271 undas:

128 1310 193 1386 His
213 1343 345 1415 quoque
364 1313 523 1401 laudatis,
544 1313 701 1389 «Procul
718 1332 784 1402 est,
801 1314 864 1400 ait,
882 1311 1008 1385 arbiter
1022 1312 1154 1387 omnis:

132 1462 152 1496 ³>
171 1429 269 1504 Nuda
285 1431 469 1531 superfusis
487 1432 677 1527 tinguamus
694 1458 836 1532 corpora
855 1428 1049 1531 lymphis.»

129 1544 301 1619 Parrhasis
318 1546 475 1618 erubuit:
491 1564 616 1620 cunctae
633 1545 794 1620 velamina
807 1561 961 1646 ponunt:
1065 1538 1073 1549 ’
1146 1564 1192 1633 ton

132 1661 209 1734 Una
225 1689 335 1735 moras
353 1662 471 1762 quaerit
490 1692 497 1734 :
517 1662 685 1735 dubitanti
700 1661 801 1735 vestis
818 1658 948 1733 ademta
963 1675 1034 1747 est;

131 1776 210 1871 Qua
225 1778 352 1876 posita,
371 1777 463 1851 nudo
480 1778 589 1879 patuit
606 1807 680 1852 cunr
697 1803 837 1877 corpore
850 1774 989 1847 crimen.

130 1893 308 1980 Attonitae,
328 1895 547 1996 manibusque
562 1912 694 1968 uterum
710 1891 814 1966 celare
830 1888 978 1975 volenti,

134 2048 152 2079 «
173 2018 189 2086 l
206 2014 324 2113 procul
339 2016 434 2105 hinc,
452 2018 552 2105 dixit,
568 2045 629 2090 nec
646 2043 755 2089 sacros
772 2011 888 2113 pollue
902 2011 1033 2097 sontes,
1056 2042 1075 2075 ι

132 2137 275 2236 Cynthia
291 2166 298 2209 :
314 2138 419 2238 deque
437 2170 498 2214 suo
514 2141 613 2240 jussit
630 2140 779 2214 secedere
797 2154 893 2211 coetu.
1144 2153 1186 2221 465

180 2260 336 2332 Senserat
352 2260 417 2333 hoc
435 2260 515 2334 olim
532 2262 643 2356 magni
659 2279 810 2336 matrona
825 2256 1010 2345 Tonantis,

123 2473 249 2540 fraternis
262 2485 361 2530 uenatu.
386 2479 485 2529 Venalis
500 2476 526 2528 id
539 2488 578 2530 est
589 2496 640 2530 ve·
689 2476 805 2530 usuride
816 2475 933 2529 Gronov.
943 2473 977 2527 ad
987 2470 1183 2542 Senee'lhut

131 2553 237 2620 nando,
251 2555 321 2608 inter
332 2555 483 2609 venandum
500 2560 640 2624 &115an
690 2560 746 2626 715.
759 2556 798 2608 Ex
809 2573 883 2607 ruore
895 2571 943 2606 sno
959 2552 1076 2605 seribere
1088 2548 1183 2603 debuit·

133 2649 192 2698 quae
201 2630 277 2684 lectio
285 2631 350 2684 milri
362 2632 476 2701 genuina
488 2631 605 2695 videtum
615 2643 641 2685 at
688 2644 728 2686 set
739 2652 746 2686 ς
759 2635 818 2685 Una
827 2635 942 2694 debitam
957 2633 1138 2683 dudimte‘eto

132 2708 299 2776 importunus
315 2720 354 2763 est
373 2710 439 2763 ordo
453 2710 560 2779 phrasis.
576 2714 642 2764 rua-
722 2711 777 2777 464.
787 2712 886 2762 Sacros.
896 2706 957 2760 Deo
969 2700 1183 2760 alieuieonsetrtti

134 2788 472 2853 lernsslamidafiammis;
486 2787 584 2841 defessa
592 2789 641 2840 sen
689 2797 751 2842 sunt
760 2807 853 2841 omnes
863 2788 949 2839 sontes
962 2804 970 2838 ε
982 2784 1043 2838 vide
1057 2783 1152 2838 cintus
1161 2779 1183 2835 ll

133 2862 239 2914 voribus
246 2864 330 2929 Solis,
343 2865 430 2918 fratris
437 2865 485 2918 sui.
495 2867 544 2919 Ed.
552 2866 641 2917 —La-
689 2868 713 2920 F
713 2877 757 2921 ast
773 2870 817 2933 174
827 2884 834 2917 τ
843 2867 898 2917 Nec
908 2870 997 2917 castas
1004 2866 1105 2929 pollue,
1116 2863 1182 2919 dixu,

133 2944 194 2993 dens
204 2945 271 3001 udat,
290 2941 442 3008 labebatur,
462 2952 492 2995 ut
503 2942 562 3008 Ill,
574 2943 623 2994 388
634 2957 640 2991 τ
688 2964 776 3012 aquas.
785 2942 872 2995 Etiam
881 2941 998 2994 hocloco
1005 2938 1185 2993 Heinsiusm·

130 3036 276 3086 mersaque
285 3022 436 3081 utentior,
449 3020 640 3089 egrediebatur.
689 3020 768 3074 debat
785 3027 871 3074 castos
886 3052 894 3081 ,
922 3018 980 3072 sine
991 3036 1071 3071 causa
1083 3036 1090 3069 ε
1101 3012 1186 3069 etenim

134 3094 246 3148 Homer.
256 3095 284 3148 ll.
295 3105 321 3161 B,
330 3097 379 3147 302
388 3116 394 3149 :
404 3101 578 3171 temftpovm,
588 3097 605 3148 i.
618 3116 640 3149 e.
689 3099 769 3151 etiarn
788 3098 816 3150 in
831 3116 919 3150 sacros
938 3106 967 3149 et
977 3094 1143 3163 polluctura
1156 3099 1186 3145 est

132 3180 217 3249 tfapos.
224 3202 257 3214 ·-
268 3176 415 3225 Eratonos
425 3183 489 3238 eto,
502 3171 641 3242 descriptio
690 3177 865 3247 oppositio.·-
874 3176 983 3227 cinthia.
990 3173 1091 3233 Dian,
1101 3168 1187 3243 aCyn·

131 3252 233 3323 limpidi
241 3252 297 3305 rivi.
308 3279 342 3295 -
351 3254 469 3318 Contigit,
479 3270 576 3320 nempe
583 3262 641 3305 ten·
689 3254 736 3306 tho
753 3253 815 3307 Deli
831 3263 942 3317 monte,
962 3251 1006 3303 ubi
1019 3262 1090 3303 nata.
1104 3250 1150 3302 ud.
1162 3270 1187 3285 ·-

134 3333 207 3386 tandi
218 3353 301 3387 causa
320 3331 420 3386 Omnia
431 3350 478 3400 per
490 3340 577 3400 partes
588 3330 641 3384 de·
689 3333 807 3385 Secedere
830 3338 900 3384 catu.
928 3326 1086 3382 Secundum
1102 3325 1188 3379 alios!

133 3410 387 3475 scribit-Arbium·
401 3407 451 3474 tv,
462 3408 509 3461 63:
520 3411 642 3462 Conscius
690 3408 776 3461 Diana
788 3409 827 3461 vel
840 3416 949 3478 sponte,
962 3404 1004 3457 vel
1015 3401 1189 3457 eroueino'-

134 3491 215 3540 omnis
223 3484 453 3556 abestQuornodo
463 3485 549 3538 Diana
559 3487 641 3556 tingui
690 3498 784 3553 tante,
809 3486 906 3557 sagittis
923 3485 1044 3538 confossa
1066 3494 1125 3538 est:
1139 3478 1189 3535 vite

136 3565 480 3635 mnasitsolita,exlll,171
491 3586 510 3620 s.
516 3566 642 3619 videmus.
690 3565 812 3637 Apollod.

167 3644 224 3714 459.
241 3644 400 3709 linguonas.
414 3643 539 3702 Heinsius
550 3642 643 3697 suadet
723 3645 779 3713 456.
792 3647 911 3698 Sensem
919 3646 968 3696 loc
976 3646 1039 3696 olins
1050 3652 1100 3696 ete.
1108 3637 1192 3709 Sequi·

133 3723 641 3792 {inflammantem-Panemo,
690 3736 735 3779 tur
752 3725 865 3777 mutatio
885 3724 957 3793 ipsa,
983 3740 1066 3790 quarn
1089 3720 1190 3785 :tint

137 3798 236 3853 Catisto
246 3818 322 3853 soror
334 3801 464 3854 Parrhasii
474 3801 519 3870 qui
529 3799 643 3854 Parrha-
692 3802 804 3872 Amphis
813 3812 840 3855 et
848 3800 952 3854 Theon.
961 3801 989 3852 in
1001 3800 1079 3853 Atat.
1091 3798 1189 3859 Diuo.

135 3877 191 3929 sida
208 3876 327 3930 condidit
344 3878 371 3930 in
390 3877 501 3930 Arcadia
513 3900 520 3941 ;
542 3887 569 3931 et
587 3877 642 3931 hec
677 3881 733 3933 'alii
743 3880 804 3932 Jovi
814 3918 821 3945 ,
832 3888 862 3931 ut
872 3879 1012 3931 Junonem
1022 3876 1143 3942 falleret,
1152 3872 1191 3928 tri·

135 3953 200 4005 olim
212 3952 349 4007 Parrhasia
362 3950 430 4002 dieta
441 3955 534 4007 suerat.
548 3958 598 4007 Ed.
689 3958 813 4011 linebant.
830 3956 862 4009 ln
874 3956 1003 4025 principio
1016 3966 1099 4025 poeta
1111 3954 1151 4008 sui
1161 3958 1191 4007 est

170 4031 225 4095 451.
254 4032 398 4081 Budr'mlr‘.
419 4027 471 4081 Alii
493 4037 640 4093 cunctanti,
689 4033 828 4098 dissimilis,
839 4032 973 4100 nimiaque
983 4024 1191 4101 brevitatepsdo

136 4105 206 4176 quod
219 4125 234 4158 e
246 4106 327 4174 glossa
337 4103 427 4166 fluxit3
446 4105 490 4158 sed
503 4107 641 4159 Burman·
690 4110 839 4169 obscurior;
859 4119 885 4159 et
898 4127 932 4160 ne
944 4106 995 4160 hoc
1008 4107 1121 4176 quidem
1139 4122 1190 4159 me·

134 4205 172 4241 no
192 4196 334 4251 utrumque
356 4184 465 4236 verbum
484 4186 562 4238 nimis
579 4187 641 4238 lan·
690 4200 792 4255 morat,
811 4186 945 4256 quomodo
964 4187 1041 4238 Juno
1053 4188 1082 4240 in
1103 4198 1189 4240 term

137 4264 246 4337 gnidum
267 4260 420 4322 videbam
446 4263 641 4329 conjecturabat
690 4268 1190 4336 descenderit-Matrona,conjuret

135 4363 198 4413 ergo
210 4344 323 4395 luctanti.
335 4366 368 4379 -
380 4340 521 4409 Perperarn
534 4360 540 4393 :
559 4345 640 4395 nostri
688 4346 739 4411 Vl,
749 4349 793 4400 581
805 4351 888 4399 :allus
901 4349 1002 4398 Tonans
1011 4347 1095 4399 etiam
1103 4349 1133 4413 Ι,
1144 4360 1189 4415 ¹7⁰⁸

137 4424 248 4479 Codices
267 4421 364 4474 liabent
382 4425 513 4475 dubitanti.
537 4424 585 4475 Ed.
607 4451 641 4464 -
688 4428 756 4476 olim.
767 4424 844 4493 Apud
855 4425 965 4477 Pauson.
975 4423 1046 4476 illico
1056 4422 1189 4494 deprehen

133 4507 282 4563 Datilum,
294 4502 444 4568 cunctanti,
465 4522 552 4557 moras
562 4521 639 4571 quee-
688 4521 744 4554 sam
750 4503 1006 4561 mutat-Arcada.
1022 4512 1130 4555 auctore
1138 4499 1189 4552 He-

132 4582 220 4649 renti,
237 4598 327 4635 secum
346 4578 515 4648 deuterum
536 4580 569 4633 de
587 4598 639 4649 quo
686 4577 775 4645 siodo,
786 4580 839 4647 jorn
850 4581 981 4633 ursasaeta
990 4579 1103 4649 peperit.
1114 4577 1187 4631 Auo
