2662 5092
296 779 804 848 naranronrnosron
829 782 925 850 arn.
953 783 1022 853 vn
1111 781 1180 887 ,ta

130 919 343 1020 Diriguitque
359 919 454 993 malis
467 951 475 993 :
490 919 603 994 nullos
617 938 726 995 moret
741 949 820 994 aura
835 921 991 1022 capillos:

129 1035 169 1107 ln
185 1034 280 1107 vultu
300 1033 393 1109 color
409 1054 460 1109 est
476 1036 723 1132 sinesangnine
738 1034 884 1109 :lumina
899 1039 1024 1112 moestis

131 1149 228 1221 Stant
242 1151 377 1223 immota
393 1152 508 1245 genis:
524 1151 609 1225 nihil
626 1152 725 1226 estin
742 1151 883 1247 imagine
897 1151 972 1224 vivi.
1140 1172 1191 1227 305

131 1265 208 1365 Ipsa
224 1295 357 1366 quoque
375 1267 515 1341 interius
534 1295 607 1342 cnm
626 1267 713 1342 duro
731 1265 844 1362 lingua
860 1265 970 1366 palato
1070 1278 1073 1284 '

134 1378 316 1476 Congelat,
332 1399 365 1455 et
381 1410 470 1456 vena
488 1381 652 1457 desistunt
668 1411 765 1483 posse
782 1381 927 1468 moveri3

132 1496 201 1569 Nec
215 1497 302 1569 flecti
319 1498 446 1586 cervix,
464 1526 525 1572 nec
541 1497 675 1573 brachia
690 1498 825 1572 reddere
844 1514 977 1592 gestus,

132 1612 201 1683 Nec
218 1640 276 1711 pes
292 1613 339 1687 ire
352 1630 463 1714 potest
476 1643 484 1685 :
499 1614 586 1688 intra
604 1642 737 1715 quoque
756 1613 880 1686 viscera
895 1639 1010 1686 saxum
1027 1629 1086 1685 est

132 1724 206 1798 Flet
223 1745 349 1816 tamen,
368 1747 401 1803 et
415 1728 514 1802 validi
528 1729 728 1804 circumdata
746 1729 879 1803 turbine
895 1728 985 1803 venti
1144 1747 1194 1801 3ιο

133 1841 173 1912 ln
190 1842 327 1939 patriam
344 1836 437 1945 rapta
455 1861 524 1933 est;
545 1845 607 1918 ubi
621 1843 684 1918 fixa
699 1845 864 1918 cacumine
879 1844 1003 1918 montis
1056 1871 1058 1877 ·

134 1955 310 2056 liquitur,
328 1973 362 2032 et
379 1958 534 2061 lacrymas
553 1960 731 2034 etiamnum
746 1987 909 2034 marmora
922 1976 1064 2035 manant.

183 2073 243 2144 ΙΙΙ.
260 2075 345 2147 Tum
361 2105 438 2149 reru
457 2076 540 2148 tanti
556 2075 762 2164 manifestam
777 2077 923 2150 numinis
941 2076 1023 2151 iram

165 2269 222 2320 303.
244 2273 372 2340 Diripuit,
394 2285 516 2329 naturam
536 2295 638 2330 saxeam
686 2277 754 2331 bulte
765 2275 881 2331 ostendit
892 2278 1018 2342 Pansam,
1028 2274 1107 2328 Attic.
1119 2293 1143 2343 p.
1152 2277 1195 2346 49,

134 2350 246 2418 accepit,
260 2362 289 2404 ut
297 2353 332 2418 V,
350 2354 402 2408 186.
416 2354 469 2408 Sed
482 2356 553 2409 idem
566 2355 638 2409 etde
689 2355 733 2408 ubi
745 2367 852 2422 narrat,
865 2375 910 2421 se,
931 2366 959 2408 ut
973 2354 1077 2408 Nioben
1090 2361 1196 2422 specta-

133 2423 164 2477 iis
177 2428 292 2495 ponitur,
305 2449 370 2498 qnos
380 2451 498 2486 summus
509 2433 584 2486 dolor
595 2444 640 2486 aut
689 2443 744 2497 ret,
759 2431 920 2484 adscendisse
934 2433 961 2484 in
977 2430 1098 2502 Sipylum
1112 2447 1195 2481 mon-

129 2512 222 2557 rnetns
238 2504 344 2560 invadit.
367 2508 442 2574 Vll,
469 2515 523 2563 us.
547 2511 639 2579 quue
687 2519 761 2575 tem,
775 2509 862 2576 ibique
874 2508 1067 2577 vidisserupem
1078 2505 1197 2576 precipi-

132 2598 212 2633 sensu
224 2581 256 2634 ab
272 2583 347 2635 initio
363 2584 431 2638 dicta
441 2585 545 2639 videtur
555 2588 639 2640 Niobe
688 2596 758 2652 tem,
777 2604 835 2653 quae
853 2585 944 2654 procul
960 2585 1039 2638 stanti
1055 2585 1197 2654 imaginem

133 2656 275 2727 diriguisse.
290 2660 357 2713 Vide
370 2661 403 2713 ad
421 2663 474 2728 145.
486 2663 639 2718 Secundum
688 2662 805 2715 mulieris
818 2673 916 2716 usmeta
926 2670 953 2715 et
964 2662 1132 2732 lacrymantis
1144 2681 1195 2714 ea-

135 2735 262 2788 Nostrum
271 2737 368 2791 Thebis
377 2750 476 2793 mutata
487 2752 513 2794 et
523 2752 602 2793 vento
613 2744 640 2795 in
688 2738 801 2793 bibebat.
821 2738 948 2793 Similiter
966 2738 1085 2806 Quintus
1102 2738 1197 2808 Smyr-

134 2812 255 2886 Sipylum
264 2817 386 2870 translata
393 2818 640 2887 est3quodmireris.
688 2835 777 2882 neus,
791 2817 823 2883 l,
841 2810 887 2888 aba
896 2835 969 2884 sqq„
983 2815 1158 2885 Apollodorus
1169 2822 1196 2866 et

134 2891 214 2960 Apud
223 2891 285 2945 alios
293 2904 421 2960 auctores,
432 2897 526 2950 relictis
532 2897 639 2963 Thebis,
689 2894 818 2966 Hyginus.
827 2895 903 2949 ldem
911 2894 1076 2948 confirmavit
1089 2891 1198 2946 Chand-

135 2967 169 3020 ad
181 2980 282 3039 patrem
291 2971 376 3038 redit,
389 2984 416 3025 et
429 2974 456 3026 in
467 2974 523 3043 ipso
533 2974 639 3046 Sipylo,
687 2973 727 3026 ler
736 2974 763 3026 in
777 2974 866 3026 Itiner.
880 2971 988 3025 Confer.
1000 2984 1027 3026 et
1036 2970 1195 3042 Sophocles,

133 3066 217 3116 quum
230 3050 283 3119 ipsa
297 3051 346 3104 hoc
357 3071 371 3104 a
382 3053 449 3107 Jove
460 3055 590 3122 petiisset,
611 3053 642 3107 fit
689 3049 779 3120 Antip.
792 3050 849 3103 835.
881 3069 884 3075 ·

131 3127 242 3196 lapidea.
252 3129 405 3183 Secundum
417 3133 584 3199 Homerum,
600 3135 642 3184 di·
721 3130 929 3186 trs-tadum
941 3148 1000 3182 vero
1012 3137 1060 3182 etc
1075 3128 1199 3199 Agrestes

131 3210 211 3273 n'yui'i
220 3207 298 3259 etiarn
311 3210 428 3278 populns.
689 3205 776 3279 Lycias
784 3207 912 3260 Latonam
921 3217 1054 3260 errantem
1062 3207 1198 3276 aquispro·

168 3285 225 3336 305.
240 3287 390 3338 Nihclesiir
400 3295 572 3355 imaginent
585 3288 642 3343 Co·
688 3283 809 3339 bibentes
822 3296 960 3339 mutantur
969 3286 996 3338 in
1008 3303 1091 3338 ranas
1101 3284 1198 3356 Lycia-

134 3358 206 3412 dices
221 3361 295 3429 Regii
308 3362 404 3416 babent
424 3371 521 3429 varam,
541 3367 642 3437 elegan-
689 3362 1199 3416 cambancfabulamblenecratesxan·

136 3436 189 3490 tius
199 3447 269 3489 certe
287 3443 352 3503 vire}
367 3451 482 3494 attamen
502 3453 591 3496 utrum
608 3443 642 3498 sit
689 3441 759 3495 thius
774 3442 799 3494 in
822 3442 937 3515 Lyciacis
955 3451 1111 3495 narraverat
1130 3439 1197 3493 lude

136 3533 231 3567 verum
243 3514 346 3569 difficile
360 3516 466 3584 judices.
477 3522 642 3572 Ed.-Lirr-
690 3536 750 3569 eam
762 3517 846 3571 hausit
860 3518 1007 3585 Nicander,
1019 3527 1045 3570 et
1057 3537 1087 3570 aa
1099 3517 1198 3570 eoAn-

133 3610 263 3661 ermque
272 3595 641 3665 peccatpars,luatpaenas.lld.
691 3594 814 3659 toninus,
828 3595 873 3662 qui
886 3595 988 3647 veroin
1001 3594 1134 3648 nonnullis
1145 3593 1199 3646 dis·

170 3672 226 3724 311.
241 3676 348 3736 Monir's,
365 3674 455 3746 Sipyli.
466 3677 503 3729 lbi
516 3687 642 3745 perpetuo
690 3673 777 3726 sentit.
791 3673 899 3726 Confer.
909 3684 935 3725 et
949 3675 1050 3727 Probus
1061 3673 1093 3726 ad
1107 3671 1199 3741 Virgil.

137 3747 202 3802 flere
211 3750 415 3804 credebatur.-·
423 3755 576 3824 Lucifera,-
589 3754 645 3806 vul·
691 3752 788 3821 Georg.
798 3752 828 3818 l,
844 3753 908 3822 378,
925 3763 951 3806 et
961 3754 1068 3807 Servius
1079 3753 1111 3805 ad
1122 3771 1199 3805 eum·

138 3847 172 3897 go
183 3832 301 3899 lacrymis
315 3831 369 3899 (ita
380 3850 484 3899 quoque
499 3831 574 3900 Regii
587 3851 644 3884 nos·
692 3829 754 3883 dem
778 3830 881 3896 locum,
904 3831 964 3900 qui,
985 3834 1052 3885 forte
1070 3830 1199 3883 memoria

135 3904 201 3968 tri).
220 3908 254 3957 At
272 3927 374 3960 manare
390 3909 484 3976 passim
503 3927 564 3960 eum
584 3926 644 3960 casu
691 3909 791 3979 lapsus,
805 3909 899 3977 tradit,
913 3910 1040 3963 Ovidium
1054 3911 1086 3963 de
1100 3909 1199 3963 Cerere

139 3995 232 4050 quarto
245 3985 375 4054 reperitur
388 4004 394 4037 :
411 3985 470 4038 vide
484 3985 642 4051 Heinsium,
692 3987 877 4055 Proserpinam
890 3999 1024 4055 quaerente
1036 3988 1105 4040 hanc
1116 3986 1197 4039 fabu-

138 4062 184 4128 qui
199 4062 272 4128 plura
287 4063 393 4132 hujusce
404 4065 516 4136 syntaxis
528 4064 644 4133 exempla
692 4067 744 4120 lam
756 4067 881 4120 retulisse.
894 4069 973 4120 Forte
989 4088 1032 4120 ara
1052 4068 1158 4119 Latonoe
1169 4067 1197 4118 in

137 4139 227 4190 refert.
246 4141 371 4194 Nostrum
384 4143 506 4211 expressit
525 4142 642 4208 Seneca,
692 4156 783 4214 stagno
811 4145 926 4214 quodam
950 4147 1020 4199 ranis
1047 4145 1197 4199 abundante

139 4217 359 4285 Agamemnone,
373 4220 419 4287 37¹
432 4258 439 4284 ,
453 4221 495 4272 ubi
504 4219 536 4271 de
544 4221 642 4273 Niobe:
692 4221 763 4276 hunc
785 4225 907 4294 mytbum
928 4225 1036 4293 peperit.
1052 4252 1086 4265 —
1103 4225 1193 4285 Tarii,

138 4297 197 4347 Stat
206 4314 272 4347 runc
282 4297 364 4365 Sipyli
372 4301 464 4348 verlice
476 4315 570 4349 semino
581 4301 644 4351 lle-
693 4319 741 4368 pro
753 4307 848 4363 cuncti,
870 4322 900 4352 ex
918 4321 971 4353 uno
990 4300 1111 4354 leidensi
1127 4299 1200 4354 dedit

138 4377 189 4427 life
199 4392 304 4432 saxum,
317 4375 571 4444 Eiadliuciacrynras
579 4396 645 4427 mar·
693 4378 877 4444 Burmannus,
898 4381 957 4448 quia
975 4380 1092 4448 sequitur
1106 4396 1201 4431 omncs.

139 4448 327 4516 mornfuriuni
333 4452 535 4519 Antiquarum.
545 4452 647 4506 Confer
693 4483 725 4495 —
734 4461 837 4519 Liincii,
849 4459 944 4511 nostris
953 4456 1093 4511 Codicibus
1104 4455 1200 4523 Regiis.

141 4540 168 4581 et
181 4530 300 4598 Propert.
312 4529 355 4596 ll,
368 4547 435 4596 xvi,
451 4550 472 4601 7.
485 4531 598 4587 Fontem
610 4534 645 4586 fa·
692 4562 726 4575 ·-
740 4535 917 4602 Manifestum,
942 4535 1014 4591 saetis
1033 4534 1198 4589 declaratam.
