<?xml version="1.0" encoding="UTF-8"?>
<!DOCTYPE html PUBLIC "-//W3C//DTD XHTML 1.0 Transitional//EN"
    "http://www.w3.org/TR/xhtml1/DTD/xhtml1-transitional.dtd">
<html xmlns="http://www.w3.org/1999/xhtml" xml:lang="en" lang="en">
 <head>
  <title>
</title>
<meta http-equiv="Content-Type" content="text/html;charset=utf-8" />
  <meta name='ocr-system' content='tesseract 3.04.00' />
  <meta name='ocr-capabilities' content='ocr_page ocr_carea ocr_par ocr_line ocrx_word'/>
</head>
<body>
  <div class='ocr_page' id='page_1' title='image "./publiiovidiinas01massgoog/publiiovidiinas01massgoog_0528.png"; bbox 0 0 2662 5092; ppageno 0'>
   <div class='ocr_carea' id='block_1_1' title="bbox 276 729 1182 848">
    <p class='ocr_par' dir='ltr' id='par_1_1' title="bbox 276 729 1182 848">
     <span class='ocr_line' id='line_1_1' title="bbox 276 729 1182 848; baseline 0.007 -26"><span class='ocrx_word' id='word_1_1' title='bbox 276 729 791 822; x_wconf 77' lang='lat' dir='ltr'>nnnsnoernosson</span> <span class='ocrx_word' id='word_1_2' title='bbox 817 755 912 820; x_wconf 79' lang='lat' dir='ltr'>cm.</span> <span class='ocrx_word' id='word_1_3' title='bbox 939 756 1033 824; x_wconf 85' lang='lat' dir='ltr'>vn.</span> <span class='ocrx_word' id='word_1_4' title='bbox 1115 755 1182 848; x_wconf 73' lang='lat'>499</span> 
     </span>
    </p>
   </div>
   <div class='ocr_carea' id='block_1_2' title="bbox 130 891 985 1199">
    <p class='ocr_par' dir='ltr' id='par_1_2' title="bbox 130 891 985 1199">
     <span class='ocr_line' id='line_1_2' title="bbox 130 891 980 996; baseline 0.001 -28"><span class='ocrx_word' id='word_1_5' title='bbox 130 896 346 996; x_wconf 87' lang='lat' dir='ltr'>Membraque</span> <span class='ocrx_word' id='word_1_6' title='bbox 366 891 541 967; x_wconf 86' lang='lat' dir='ltr'>luxuriant.</span> <span class='ocrx_word' id='word_1_7' title='bbox 557 892 662 967; x_wconf 86' lang='lat' dir='ltr'>AEson</span> <span class='ocrx_word' id='word_1_8' title='bbox 677 891 835 980; x_wconf 90' lang='lat' dir='ltr'>miratur,</span> <span class='ocrx_word' id='word_1_9' title='bbox 853 910 886 965; x_wconf 89' lang='lat' dir='ltr'>et</span> <span class='ocrx_word' id='word_1_10' title='bbox 902 892 980 969; x_wconf 91' lang='lat' dir='ltr'>olim</span> 
     </span>
     <span class='ocr_line' id='line_1_3' title="bbox 130 1007 985 1111; baseline 0.002 -27"><span class='ocrx_word' id='word_1_11' title='bbox 130 1013 217 1084; x_wconf 81' lang='lat' dir='ltr'>Ante</span> <span class='ocrx_word' id='word_1_12' title='bbox 232 1029 348 1111; x_wconf 90' lang='lat' dir='ltr'>quater</span> <span class='ocrx_word' id='word_1_13' title='bbox 366 1008 468 1082; x_wconf 92' lang='lat' dir='ltr'>denos</span> <span class='ocrx_word' id='word_1_14' title='bbox 484 1007 572 1082; x_wconf 89' lang='lat' dir='ltr'>hunc</span> <span class='ocrx_word' id='word_1_15' title='bbox 588 1034 623 1081; x_wconf 90' lang='lat' dir='ltr'>se</span> <span class='ocrx_word' id='word_1_16' title='bbox 637 1008 857 1110; x_wconf 82' lang='lat' dir='ltr'>reminiscitur</span> <span class='ocrx_word' id='word_1_17' title='bbox 872 1037 985 1087; x_wconf 84' lang='lat' dir='ltr'>annos.</span> 
     </span>
     <span class='ocr_line' id='line_1_4' title="bbox 179 1121 957 1199; baseline -0.001 -1"><span class='ocrx_word' id='word_1_18' title='bbox 179 1129 239 1198; x_wconf 91' lang='grc' dir='ltr'><strong>ΙΙΙ.</strong></span> <span class='ocrx_word' id='word_1_19' title='bbox 259 1125 394 1198; x_wconf 83' lang='lat' dir='ltr'>Viderat</span> <span class='ocrx_word' id='word_1_20' title='bbox 410 1121 529 1197; x_wconf 84' lang='lat' dir='ltr'>exalto</span> <span class='ocrx_word' id='word_1_21' title='bbox 548 1123 630 1197; x_wconf 87' lang='lat' dir='ltr'>tanti</span> <span class='ocrx_word' id='word_1_22' title='bbox 648 1122 802 1199; x_wconf 87' lang='lat' dir='ltr'>miracula</span> <span class='ocrx_word' id='word_1_23' title='bbox 817 1124 957 1199; x_wconf 80' lang='lat' dir='ltr'><strong>monstri</strong></span> 
     </span>
    </p>
   </div>
   <div class='ocr_carea' id='block_1_3' title="bbox 131 1239 975 1338">
    <p class='ocr_par' dir='ltr' id='par_1_3' title="bbox 131 1239 975 1338">
     <span class='ocr_line' id='line_1_5' title="bbox 131 1239 975 1338; baseline 0.004 -24"><span class='ocrx_word' id='word_1_24' title='bbox 131 1241 252 1315; x_wconf 89' lang='lat' dir='ltr'>Liber:</span> <span class='ocrx_word' id='word_1_25' title='bbox 268 1259 301 1314; x_wconf 91' lang='lat' dir='ltr'>et</span> <span class='ocrx_word' id='word_1_26' title='bbox 315 1241 501 1316; x_wconf 91' lang='lat' dir='ltr'>admonitus</span> <span class='ocrx_word' id='word_1_27' title='bbox 517 1241 650 1338; x_wconf 85' lang='lat' dir='ltr'>juvenes</span> <span class='ocrx_word' id='word_1_28' title='bbox 668 1239 854 1316; x_wconf 83' lang='lat' dir='ltr'>nutricibus</span> <span class='ocrx_word' id='word_1_29' title='bbox 871 1269 975 1317; x_wconf 87' lang='lat' dir='ltr'>annos</span> 
     </span>
    </p>
   </div>
   <div class='ocr_carea' id='block_1_4' title="bbox 1133 1266 1182 1338">
    <p class='ocr_par' dir='ltr' id='par_1_4' title="bbox 1133 1266 1182 1338">
     <span class='ocr_line' id='line_1_6' title="bbox 1133 1266 1182 1338; baseline -0.02 -20"><span class='ocrx_word' id='word_1_30' title='bbox 1133 1266 1182 1338; x_wconf 76' lang='lat'>295</span> 
     </span>
    </p>
   </div>
   <div class='ocr_carea' id='block_1_5' title="bbox 125 1355 1107 1823">
    <p class='ocr_par' dir='ltr' id='par_1_5' title="bbox 134 1355 923 1456">
     <span class='ocr_line' id='line_1_7' title="bbox 134 1355 923 1456; baseline -0.001 -26"><span class='ocrx_word' id='word_1_31' title='bbox 134 1358 236 1431; x_wconf 84' lang='lat' dir='ltr'>Posse</span> <span class='ocrx_word' id='word_1_32' title='bbox 254 1358 323 1431; x_wconf 87' lang='lat' dir='ltr'>suis</span> <span class='ocrx_word' id='word_1_33' title='bbox 338 1355 450 1441; x_wconf 84' lang='lat' dir='ltr'><strong>reddi,</strong></span> <span class='ocrx_word' id='word_1_34' title='bbox 467 1355 552 1456; x_wconf 90' lang='lat' dir='ltr'>petit</span> <span class='ocrx_word' id='word_1_35' title='bbox 567 1355 631 1428; x_wconf 90' lang='lat' dir='ltr'>hoc</span> <span class='ocrx_word' id='word_1_36' title='bbox 645 1355 776 1430; x_wconf 84' lang='lat' dir='ltr'>AEetida</span> <span class='ocrx_word' id='word_1_37' title='bbox 792 1383 923 1429; x_wconf 74' lang='lat' dir='ltr'>nunnus.</span> 
     </span>
    </p>

    <p class='ocr_par' dir='ltr' id='par_1_6' title="bbox 125 1475 1107 1823">
     <span class='ocr_line' id='line_1_8' title="bbox 125 1475 1107 1574; baseline 0.004 -23"><span class='ocrx_word' id='word_1_38' title='bbox 125 1481 127 1485; x_wconf 74' lang='grc'><strong>’</strong></span> <span class='ocrx_word' id='word_1_39' title='bbox 180 1480 239 1551; x_wconf 88' lang='lat' dir='ltr'>IV.</span> <span class='ocrx_word' id='word_1_40' title='bbox 257 1480 343 1551; x_wconf 80' lang='lat' dir='ltr'>Neve</span> <span class='ocrx_word' id='word_1_41' title='bbox 360 1475 429 1550; x_wconf 94' lang='lat' dir='ltr'>doli</span> <span class='ocrx_word' id='word_1_42' title='bbox 446 1493 592 1562; x_wconf 87' lang='lat' dir='ltr'>cessent,</span> <span class='ocrx_word' id='word_1_43' title='bbox 610 1476 722 1553; x_wconf 88' lang='lat' dir='ltr'>odium</span> <span class='ocrx_word' id='word_1_44' title='bbox 740 1505 814 1550; x_wconf 90' lang='lat' dir='ltr'>cum</span> <span class='ocrx_word' id='word_1_45' title='bbox 834 1477 972 1574; x_wconf 82' lang='lat' dir='ltr'>conjuge</span> <span class='ocrx_word' id='word_1_46' title='bbox 989 1477 1107 1555; x_wconf 85' lang='lat' dir='ltr'>falsum</span> 
     </span>
     <span class='ocr_line' id='line_1_9' title="bbox 133 1592 1004 1700; baseline 0.001 -27"><span class='ocrx_word' id='word_1_47' title='bbox 133 1600 268 1674; x_wconf 86' lang='lat' dir='ltr'>Phasias</span> <span class='ocrx_word' id='word_1_48' title='bbox 284 1597 459 1677; x_wconf 85' lang='lat' dir='ltr'>adsimulat</span> <span class='ocrx_word' id='word_1_49' title='bbox 472 1628 481 1686; x_wconf 88' lang='lat'><strong>;</strong></span> <span class='ocrx_word' id='word_1_50' title='bbox 498 1592 662 1699; x_wconf 78' lang='lat' dir='ltr'>Peliaeque</span> <span class='ocrx_word' id='word_1_51' title='bbox 678 1599 719 1673; x_wconf 92' lang='lat' dir='ltr'>ad</span> <span class='ocrx_word' id='word_1_52' title='bbox 736 1599 848 1672; x_wconf 90' lang='lat' dir='ltr'>limina</span> <span class='ocrx_word' id='word_1_53' title='bbox 863 1598 1004 1700; x_wconf 80' lang='lat' dir='ltr'>supplex</span> 
     </span>
     <span class='ocr_line' id='line_1_10' title="bbox 135 1721 1105 1823; baseline 0.001 -29"><span class='ocrx_word' id='word_1_54' title='bbox 135 1722 316 1817; x_wconf 77' lang='lat' dir='ltr'><strong>Confugit:</strong></span> <span class='ocrx_word' id='word_1_55' title='bbox 335 1741 432 1822; x_wconf 91' lang='lat' dir='ltr'>atque</span> <span class='ocrx_word' id='word_1_56' title='bbox 447 1721 555 1809; x_wconf 93' lang='lat' dir='ltr'>illam,</span> <span class='ocrx_word' id='word_1_57' title='bbox 574 1721 730 1823; x_wconf 89' lang='lat' dir='ltr'>quoniam</span> <span class='ocrx_word' id='word_1_58' title='bbox 751 1722 858 1817; x_wconf 76' lang='lat' dir='ltr'>gravis</span> <span class='ocrx_word' id='word_1_59' title='bbox 873 1722 945 1822; x_wconf 86' lang='lat' dir='ltr'>ipse</span> <span class='ocrx_word' id='word_1_60' title='bbox 960 1740 1105 1811; x_wconf 86' lang='lat' dir='ltr'>senecta,</span> 
     </span>
    </p>
   </div>
   <div class='ocr_carea' id='block_1_6' title="bbox 130 1933 648 4408">
    <p class='ocr_par' dir='ltr' id='par_1_7' title="bbox 130 1933 646 4255">
     <span class='ocr_line' id='line_1_11' title="bbox 130 1933 635 2003; baseline -0.004 -16"><span class='ocrx_word' id='word_1_61' title='bbox 130 1954 192 2003; x_wconf 79' lang='lat' dir='ltr'>pore</span> <span class='ocrx_word' id='word_1_62' title='bbox 202 1951 283 2001; x_wconf 57' lang='lat' dir='ltr'>rugen</span> <span class='ocrx_word' id='word_1_63' title='bbox 296 1952 409 2003; x_wconf 88' lang='lat' dir='ltr'>namque</span> <span class='ocrx_word' id='word_1_64' title='bbox 421 1952 511 2002; x_wconf 81' lang='lat' dir='ltr'>corpus</span> <span class='ocrx_word' id='word_1_65' title='bbox 522 1951 589 2003; x_wconf 81' lang='lat' dir='ltr'>ssepe</span> <span class='ocrx_word' id='word_1_66' title='bbox 602 1933 635 1986; x_wconf 93' lang='lat' dir='ltr'>de</span> 
     </span>
     <span class='ocr_line' id='line_1_12' title="bbox 135 2010 636 2080; baseline -0.004 -16"><span class='ocrx_word' id='word_1_67' title='bbox 135 2031 213 2064; x_wconf 91' lang='lat' dir='ltr'>carne</span> <span class='ocrx_word' id='word_1_68' title='bbox 221 2022 247 2064; x_wconf 89' lang='lat' dir='ltr'>et</span> <span class='ocrx_word' id='word_1_69' title='bbox 255 2010 410 2080; x_wconf 80' lang='lat' dir='ltr'>pinguedine</span> <span class='ocrx_word' id='word_1_70' title='bbox 423 2011 519 2063; x_wconf 86' lang='lat' dir='ltr'>dicitur</span> <span class='ocrx_word' id='word_1_71' title='bbox 529 2030 536 2062; x_wconf 91' lang='lat'>:</span> <span class='ocrx_word' id='word_1_72' title='bbox 546 2012 636 2063; x_wconf 78' lang='lat' dir='ltr'>confer</span> 
     </span>
     <span class='ocr_line' id='line_1_13' title="bbox 135 2088 637 2159; baseline -0.008 -16"><span class='ocrx_word' id='word_1_73' title='bbox 135 2109 212 2159; x_wconf 90' lang='lat' dir='ltr'>supra</span> <span class='ocrx_word' id='word_1_74' title='bbox 221 2089 234 2142; x_wconf 97' lang='grc' dir='ltr'><strong>Ι</strong></span> <span class='ocrx_word' id='word_1_75' title='bbox 242 2129 249 2155; x_wconf 90' lang='grc'><strong>,</strong></span> <span class='ocrx_word' id='word_1_76' title='bbox 257 2092 320 2156; x_wconf 73' lang='lat'>4083</span> <span class='ocrx_word' id='word_1_77' title='bbox 332 2088 486 2141; x_wconf 75' lang='lat' dir='ltr'>Claudiam!</span> <span class='ocrx_word' id='word_1_78' title='bbox 491 2089 516 2152; x_wconf 88' lang='lat' dir='ltr'>l,</span> <span class='ocrx_word' id='word_1_79' title='bbox 527 2088 637 2156; x_wconf 84' lang='lat' dir='ltr'>Eutrop.</span> 
     </span>
     <span class='ocr_line' id='line_1_14' title="bbox 136 2164 637 2233; baseline -0.008 -15"><span class='ocrx_word' id='word_1_80' title='bbox 136 2168 200 2231; x_wconf 81' lang='lat'>380,</span> <span class='ocrx_word' id='word_1_81' title='bbox 218 2169 350 2218; x_wconf 78' lang='lat' dir='ltr'>abundares</span> <span class='ocrx_word' id='word_1_82' title='bbox 361 2170 477 2233; x_wconf 73' lang='lat' dir='ltr'>corpores.</span> <span class='ocrx_word' id='word_1_83' title='bbox 490 2164 572 2232; x_wconf 87' lang='lat' dir='ltr'>Quod</span> <span class='ocrx_word' id='word_1_84' title='bbox 585 2183 637 2215; x_wconf 86' lang='lat' dir='ltr'>su·</span> 
     </span>
     <span class='ocr_line' id='line_1_15' title="bbox 136 2241 638 2312; baseline -0.01 -14"><span class='ocrx_word' id='word_1_85' title='bbox 136 2256 190 2298; x_wconf 91' lang='lat' dir='ltr'>tem</span> <span class='ocrx_word' id='word_1_86' title='bbox 205 2245 372 2298; x_wconf 74' lang='lat' dir='ltr'>Burmannus</span> <span class='ocrx_word' id='word_1_87' title='bbox 390 2252 482 2312; x_wconf 89' lang='lat' dir='ltr'>putat,</span> <span class='ocrx_word' id='word_1_88' title='bbox 501 2241 638 2294; x_wconf 73' lang='lat' dir='ltr'>cavitatem</span> 
     </span>
     <span class='ocr_line' id='line_1_16' title="bbox 136 2318 640 2387; baseline -0.008 -11"><span class='ocrx_word' id='word_1_89' title='bbox 136 2323 229 2376; x_wconf 90' lang='lat' dir='ltr'>melius</span> <span class='ocrx_word' id='word_1_90' title='bbox 240 2322 379 2374; x_wconf 81' lang='lat' dir='ltr'>convenire</span> <span class='ocrx_word' id='word_1_91' title='bbox 391 2318 480 2385; x_wconf 83' lang='lat' dir='ltr'>senis,</span> <span class='ocrx_word' id='word_1_92' title='bbox 503 2337 582 2387; x_wconf 89' lang='lat' dir='ltr'>quarn</span> <span class='ocrx_word' id='word_1_93' title='bbox 594 2338 640 2372; x_wconf 87' lang='lat' dir='ltr'>ru-</span> 
     </span>
     <span class='ocr_line' id='line_1_17' title="bbox 137 2395 637 2470; baseline -0.01 -17"><span class='ocrx_word' id='word_1_94' title='bbox 137 2401 188 2470; x_wconf 77' lang='lat' dir='ltr'>gis,</span> <span class='ocrx_word' id='word_1_95' title='bbox 197 2399 223 2451; x_wconf 87' lang='lat' dir='ltr'>id</span> <span class='ocrx_word' id='word_1_96' title='bbox 231 2399 304 2452; x_wconf 85' lang='lat' dir='ltr'>nihili</span> <span class='ocrx_word' id='word_1_97' title='bbox 313 2409 365 2461; x_wconf 87' lang='lat' dir='ltr'>est;</span> <span class='ocrx_word' id='word_1_98' title='bbox 378 2397 435 2466; x_wconf 89' lang='lat' dir='ltr'>quis</span> <span class='ocrx_word' id='word_1_99' title='bbox 443 2397 515 2452; x_wconf 85' lang='lat' dir='ltr'>enim</span> <span class='ocrx_word' id='word_1_100' title='bbox 523 2395 637 2466; x_wconf 78' lang='lat' dir='ltr'>dubitet,</span> 
     </span>
     <span class='ocr_line' id='line_1_18' title="bbox 135 2473 639 2542; baseline -0.012 -13"><span class='ocrx_word' id='word_1_101' title='bbox 135 2477 216 2529; x_wconf 88' lang='lat' dir='ltr'>etiam</span> <span class='ocrx_word' id='word_1_102' title='bbox 224 2494 298 2542; x_wconf 61' lang='lat' dir='ltr'>repas</span> <span class='ocrx_word' id='word_1_103' title='bbox 306 2475 391 2527; x_wconf 83' lang='lat' dir='ltr'>dicere</span> <span class='ocrx_word' id='word_1_104' title='bbox 400 2493 477 2527; x_wconf 78' lang='lat' dir='ltr'>cevas</span> <span class='ocrx_word' id='word_1_105' title='bbox 486 2478 501 2529; x_wconf 88' lang='lat'><em>?</em></span> <span class='ocrx_word' id='word_1_106' title='bbox 511 2500 544 2514; x_wconf 91' lang='lat'>-</span> <span class='ocrx_word' id='word_1_107' title='bbox 550 2473 639 2524; x_wconf 76' lang='lat' dir='ltr'>Luxu-</span> 
     </span>
     <span class='ocr_line' id='line_1_19' title="bbox 135 2549 638 2621; baseline -0.006 -16"><span class='ocrx_word' id='word_1_108' title='bbox 135 2549 381 2621; x_wconf 80' lang='lat' dir='ltr'>rr&#39;areeleganterde</span> <span class='ocrx_word' id='word_1_109' title='bbox 389 2550 542 2605; x_wconf 74' lang='lat' dir='ltr'>succulentis</span> <span class='ocrx_word' id='word_1_110' title='bbox 556 2560 582 2603; x_wconf 89' lang='lat' dir='ltr'>et</span> <span class='ocrx_word' id='word_1_111' title='bbox 593 2568 638 2602; x_wconf 83' lang='lat' dir='ltr'>se-</span> 
     </span>
     <span class='ocr_line' id='line_1_20' title="bbox 138 2621 641 2702; baseline -0.014 -18"><span class='ocrx_word' id='word_1_112' title='bbox 138 2632 202 2702; x_wconf 74' lang='lat' dir='ltr'>getis</span> <span class='ocrx_word' id='word_1_113' title='bbox 214 2631 346 2682; x_wconf 87' lang='lat' dir='ltr'>membris.</span> <span class='ocrx_word' id='word_1_114' title='bbox 365 2629 456 2696; x_wconf 76' lang='lat' dir='ltr'>virgil.</span> <span class='ocrx_word' id='word_1_115' title='bbox 469 2627 564 2696; x_wconf 78' lang='lat' dir='ltr'>Georg.</span> <span class='ocrx_word' id='word_1_116' title='bbox 580 2626 622 2679; x_wconf 93' lang='grc' dir='ltr'>ΙΙΙ</span> <span class='ocrx_word' id='word_1_117' title='bbox 630 2621 641 2692; x_wconf 36' lang='grc'>,“</span> 
     </span>
     <span class='ocr_line' id='line_1_21' title="bbox 137 2704 640 2772; baseline -0.022 -8"><span class='ocrx_word' id='word_1_118' title='bbox 137 2713 166 2764; x_wconf 83' lang='lat'>81</span> <span class='ocrx_word' id='word_1_119' title='bbox 178 2747 185 2772; x_wconf 92' lang='lat'>,</span> <span class='ocrx_word' id='word_1_120' title='bbox 197 2711 310 2759; x_wconf 77' lang='lat' dir='ltr'>luxurr&#39;al</span> <span class='ocrx_word' id='word_1_121' title='bbox 319 2709 381 2756; x_wconf 79' lang='lat' dir='ltr'>{oris</span> <span class='ocrx_word' id='word_1_122' title='bbox 388 2709 483 2768; x_wconf 78' lang='lat' dir='ltr'>pectus.</span> <span class='ocrx_word' id='word_1_123' title='bbox 494 2728 528 2742; x_wconf 90' lang='lat'>···</span> <span class='ocrx_word' id='word_1_124' title='bbox 539 2704 640 2753; x_wconf 80' lang='lat' dir='ltr'>Elolrirs</span> 
     </span>
     <span class='ocr_line' id='line_1_22' title="bbox 136 2780 640 2854; baseline -0.016 -14"><span class='ocrx_word' id='word_1_125' title='bbox 136 2789 207 2844; x_wconf 79' lang='lat' dir='ltr'>Ante</span> <span class='ocrx_word' id='word_1_126' title='bbox 216 2792 305 2854; x_wconf 79' lang='lat' dir='ltr'>quater</span> <span class='ocrx_word' id='word_1_127' title='bbox 313 2787 406 2844; x_wconf 83' lang='lat' dir='ltr'>denos,</span> <span class='ocrx_word' id='word_1_128' title='bbox 417 2781 545 2850; x_wconf 77' lang='lat' dir='ltr'>significat</span> <span class='ocrx_word' id='word_1_129' title='bbox 557 2780 640 2833; x_wconf 82' lang='lat' dir='ltr'>AEso-</span> 
     </span>
     <span class='ocr_line' id='line_1_23' title="bbox 138 2857 640 2928; baseline -0.016 -11"><span class='ocrx_word' id='word_1_130' title='bbox 138 2883 221 2928; x_wconf 88' lang='lat' dir='ltr'>nem,</span> <span class='ocrx_word' id='word_1_131' title='bbox 240 2882 271 2914; x_wconf 85' lang='lat' dir='ltr'>es</span> <span class='ocrx_word' id='word_1_132' title='bbox 288 2859 420 2928; x_wconf 90' lang='lat' dir='ltr'>decrepito</span> <span class='ocrx_word' id='word_1_133' title='bbox 436 2877 498 2910; x_wconf 90' lang='lat' dir='ltr'>sene</span> <span class='ocrx_word' id='word_1_134' title='bbox 513 2858 538 2909; x_wconf 89' lang='lat' dir='ltr'>in</span> <span class='ocrx_word' id='word_1_135' title='bbox 555 2857 640 2909; x_wconf 82' lang='lat' dir='ltr'>sirum</span> 
     </span>
     <span class='ocr_line' id='line_1_24' title="bbox 138 2935 641 3011; baseline -0.014 -17"><span class='ocrx_word' id='word_1_136' title='bbox 138 2940 307 3011; x_wconf 81' lang='lat' dir='ltr'>quadraginta</span> <span class='ocrx_word' id='word_1_137' title='bbox 328 2955 409 2990; x_wconf 80' lang='lat' dir='ltr'>annos</span> <span class='ocrx_word' id='word_1_138' title='bbox 427 2945 542 3000; x_wconf 87' lang='lat' dir='ltr'>natum,</span> <span class='ocrx_word' id='word_1_139' title='bbox 564 2935 641 2988; x_wconf 82' lang='lat' dir='ltr'>luisse</span> 
     </span>
     <span class='ocr_line' id='line_1_25' title="bbox 136 3013 639 3086; baseline -0.024 -14"><span class='ocrx_word' id='word_1_140' title='bbox 136 3035 291 3072; x_wconf 80' lang='lat' dir='ltr'>conversum</span> <span class='ocrx_word' id='word_1_141' title='bbox 301 3036 306 3069; x_wconf 92' lang='lat'>:</span> <span class='ocrx_word' id='word_1_142' title='bbox 315 3013 355 3086; x_wconf 78' lang='lat' dir='ltr'>vel</span> <span class='ocrx_word' id='word_1_143' title='bbox 365 3032 444 3082; x_wconf 89' lang='lat' dir='ltr'>quem</span> <span class='ocrx_word' id='word_1_144' title='bbox 453 3013 569 3082; x_wconf 77' lang='lat' dir='ltr'>vigorem</span> <span class='ocrx_word' id='word_1_145' title='bbox 579 3020 639 3062; x_wconf 89' lang='lat' dir='ltr'>ante</span> 
     </span>
     <span class='ocr_line' id='line_1_26' title="bbox 137 3092 641 3166; baseline -0.018 -15"><span class='ocrx_word' id='word_1_146' title='bbox 137 3117 220 3151; x_wconf 89' lang='lat' dir='ltr'>annos</span> <span class='ocrx_word' id='word_1_147' title='bbox 235 3094 405 3166; x_wconf 78' lang='lat' dir='ltr'>quadraginta</span> <span class='ocrx_word' id='word_1_148' title='bbox 417 3092 560 3156; x_wconf 80' lang='lat' dir='ltr'>habuerat,</span> <span class='ocrx_word' id='word_1_149' title='bbox 578 3109 641 3143; x_wconf 88' lang='lat' dir='ltr'>eum</span> 
     </span>
     <span class='ocr_line' id='line_1_27' title="bbox 137 3169 641 3242; baseline -0.018 -11"><span class='ocrx_word' id='word_1_150' title='bbox 137 3197 224 3242; x_wconf 89' lang='lat' dir='ltr'>nunc,</span> <span class='ocrx_word' id='word_1_151' title='bbox 236 3174 364 3228; x_wconf 84' lang='lat' dir='ltr'>beneficio</span> <span class='ocrx_word' id='word_1_152' title='bbox 372 3170 493 3237; x_wconf 81' lang='lat' dir='ltr'>Medeae,</span> <span class='ocrx_word' id='word_1_153' title='bbox 507 3169 641 3238; x_wconf 77' lang='lat' dir='ltr'>recepisse.</span> 
     </span>
     <span class='ocr_line' id='line_1_28' title="bbox 137 3247 642 3309; baseline -0.022 0"><span class='ocrx_word' id='word_1_154' title='bbox 137 3256 362 3309; x_wconf 64' lang='lat' dir='ltr'>sse-lemnum</span> <span class='ocrx_word' id='word_1_155' title='bbox 368 3249 485 3302; x_wconf 87' lang='lat' dir='ltr'>Planude</span> <span class='ocrx_word' id='word_1_156' title='bbox 493 3247 565 3303; x_wconf 81' lang='lat' dir='ltr'>dedit</span> <span class='ocrx_word' id='word_1_157' title='bbox 573 3248 642 3300; x_wconf 88' lang='lat' dir='ltr'>Nau·</span> 
     </span>
     <span class='ocr_line' id='line_1_29' title="bbox 139 3323 642 3403; baseline -0.02 -18"><span class='ocrx_word' id='word_1_158' title='bbox 139 3332 238 3403; x_wconf 75' lang='lat' dir='ltr'>gerius3</span> <span class='ocrx_word' id='word_1_159' title='bbox 257 3339 332 3396; x_wconf 87' lang='lat' dir='ltr'>atque</span> <span class='ocrx_word' id='word_1_160' title='bbox 348 3329 384 3379; x_wconf 88' lang='lat' dir='ltr'>ita</span> <span class='ocrx_word' id='word_1_161' title='bbox 403 3335 429 3378; x_wconf 88' lang='lat' dir='ltr'>et</span> <span class='ocrx_word' id='word_1_162' title='bbox 446 3327 544 3394; x_wconf 90' lang='lat' dir='ltr'>primus</span> <span class='ocrx_word' id='word_1_163' title='bbox 564 3323 642 3378; x_wconf 85' lang='lat' dir='ltr'>Basi-</span> 
     </span>
     <span class='ocr_line' id='line_1_30' title="bbox 139 3402 642 3472; baseline -0.024 -8"><span class='ocrx_word' id='word_1_164' title='bbox 139 3409 245 3471; x_wconf 78' lang='lat' dir='ltr'>leensis3</span> <span class='ocrx_word' id='word_1_165' title='bbox 258 3406 360 3470; x_wconf 71' lang='lat' dir='ltr'>ceteri,</span> <span class='ocrx_word' id='word_1_166' title='bbox 371 3423 444 3457; x_wconf 79' lang='lat' dir='ltr'>senc.</span> <span class='ocrx_word' id='word_1_167' title='bbox 457 3402 531 3472; x_wconf 75' lang='lat' dir='ltr'>Regii</span> <span class='ocrx_word' id='word_1_168' title='bbox 543 3402 642 3466; x_wconf 78' lang='lat' dir='ltr'>nostri,</span> 
     </span>
     <span class='ocr_line' id='line_1_31' title="bbox 138 3477 644 3546; baseline -0.022 -7"><span class='ocrx_word' id='word_1_169' title='bbox 138 3504 213 3539; x_wconf 78' lang='lat' dir='ltr'>nunc.</span> <span class='ocrx_word' id='word_1_170' title='bbox 224 3511 257 3523; x_wconf 94' lang='lat'><em>-</em></span> <span class='ocrx_word' id='word_1_171' title='bbox 267 3486 360 3546; x_wconf 81' lang='lat' dir='ltr'>Hunc‚·</span> <span class='ocrx_word' id='word_1_172' title='bbox 374 3480 469 3544; x_wconf 86' lang='lat' dir='ltr'>talem,</span> <span class='ocrx_word' id='word_1_173' title='bbox 487 3489 542 3531; x_wconf 87' lang='lat' dir='ltr'>tarn</span> <span class='ocrx_word' id='word_1_174' title='bbox 554 3477 644 3542; x_wconf 83' lang='lat' dir='ltr'>robus-</span> 
     </span>
     <span class='ocr_line' id='line_1_32' title="bbox 140 3551 643 3621; baseline -0.03 -3"><span class='ocrx_word' id='word_1_175' title='bbox 140 3576 205 3619; x_wconf 81' lang='lat' dir='ltr'>tum.</span> <span class='ocrx_word' id='word_1_176' title='bbox 219 3561 281 3614; x_wconf 88' lang='lat' dir='ltr'>Post</span> <span class='ocrx_word' id='word_1_177' title='bbox 293 3559 364 3613; x_wconf 88' lang='lat' dir='ltr'>hunc</span> <span class='ocrx_word' id='word_1_178' title='bbox 375 3573 479 3610; x_wconf 87' lang='lat' dir='ltr'>versum</span> <span class='ocrx_word' id='word_1_179' title='bbox 492 3553 578 3621; x_wconf 89' lang='lat' dir='ltr'>plures</span> <span class='ocrx_word' id='word_1_180' title='bbox 590 3551 643 3604; x_wconf 84' lang='lat' dir='ltr'>ba·</span> 
     </span>
     <span class='ocr_line' id='line_1_33' title="bbox 139 3636 644 3699; baseline -0.03 -4"><span class='ocrx_word' id='word_1_181' title='bbox 139 3644 205 3695; x_wconf 91' lang='lat' dir='ltr'>bent</span> <span class='ocrx_word' id='word_1_182' title='bbox 216 3639 304 3694; x_wconf 86' lang='lat' dir='ltr'>illum:</span> <span class='ocrx_word' id='word_1_183' title='bbox 316 3638 519 3699; x_wconf 78' lang='lat' dir='ltr'>Be&#39;ssr‘nre&#39;lesrqne</span> <span class='ocrx_word' id='word_1_184' title='bbox 533 3636 644 3682; x_wconf 66' lang='lat' dir='ltr'>animem</span> 
     </span>
     <span class='ocr_line' id='line_1_34' title="bbox 140 3710 644 3781; baseline -0.03 -6"><span class='ocrx_word' id='word_1_185' title='bbox 140 3726 219 3775; x_wconf 70' lang='lat' dir='ltr'>subiit</span> <span class='ocrx_word' id='word_1_186' title='bbox 230 3726 303 3772; x_wconf 78' lang='lat' dir='ltr'>atate</span> <span class='ocrx_word' id='word_1_187' title='bbox 313 3721 417 3776; x_wconf 74' lang='lat' dir='ltr'>relicta,</span> <span class='ocrx_word' id='word_1_188' title='bbox 430 3730 510 3781; x_wconf 86' lang='lat' dir='ltr'>quern</span> <span class='ocrx_word' id='word_1_189' title='bbox 523 3711 576 3777; x_wconf 81' lang='lat' dir='ltr'>jans</span> <span class='ocrx_word' id='word_1_190' title='bbox 589 3710 644 3762; x_wconf 88' lang='lat' dir='ltr'>irn-</span> 
     </span>
     <span class='ocr_line' id='line_1_35' title="bbox 141 3786 646 3871; baseline -0.026 -18"><span class='ocrx_word' id='word_1_191' title='bbox 141 3800 259 3871; x_wconf 83' lang='lat' dir='ltr'>probavit</span> <span class='ocrx_word' id='word_1_192' title='bbox 272 3797 410 3851; x_wconf 85' lang='lat' dir='ltr'>Constant.</span> <span class='ocrx_word' id='word_1_193' title='bbox 422 3793 521 3847; x_wconf 83' lang='lat' dir='ltr'>Fauen.</span> <span class='ocrx_word' id='word_1_194' title='bbox 535 3789 597 3842; x_wconf 85' lang='lat' dir='ltr'>Huc</span> <span class='ocrx_word' id='word_1_195' title='bbox 607 3786 646 3841; x_wconf 83' lang='lat' dir='ltr'>vi-</span> 
     </span>
     <span class='ocr_line' id='line_1_36' title="bbox 140 3868 645 3941; baseline -0.024 -9"><span class='ocrx_word' id='word_1_196' title='bbox 140 3879 219 3932; x_wconf 89' lang='lat' dir='ltr'>detur</span> <span class='ocrx_word' id='word_1_197' title='bbox 230 3877 366 3932; x_wconf 82' lang='lat' dir='ltr'>translatus</span> <span class='ocrx_word' id='word_1_198' title='bbox 374 3895 388 3927; x_wconf 89' lang='lat' dir='ltr'>e</span> <span class='ocrx_word' id='word_1_199' title='bbox 397 3892 471 3926; x_wconf 85' lang='lat' dir='ltr'>versu</span> <span class='ocrx_word' id='word_1_200' title='bbox 485 3888 579 3941; x_wconf 82' lang='lat'>170.·-</span> <span class='ocrx_word' id='word_1_201' title='bbox 589 3868 645 3936; x_wconf 88' lang='lat' dir='ltr'>Qui</span> 
     </span>
     <span class='ocr_line' id='line_1_37' title="bbox 139 3946 646 4019; baseline -0.012 -11"><span class='ocrx_word' id='word_1_202' title='bbox 139 3975 228 4010; x_wconf 81' lang='lat' dir='ltr'>versus</span> <span class='ocrx_word' id='word_1_203' title='bbox 235 3958 439 4019; x_wconf 71' lang='lat' dir='ltr'>Dissimilempue</span> <span class='ocrx_word' id='word_1_204' title='bbox 451 3961 499 4004; x_wconf 89' lang='lat' dir='ltr'>etc.</span> <span class='ocrx_word' id='word_1_205' title='bbox 509 3946 646 4002; x_wconf 81' lang='lat' dir='ltr'>asecunds</span> 
     </span>
     <span class='ocr_line' id='line_1_38' title="bbox 140 4024 644 4100; baseline -0.02 -15"><span class='ocrx_word' id='word_1_206' title='bbox 140 4051 221 4085; x_wconf 90' lang='lat' dir='ltr'>manu</span> <span class='ocrx_word' id='word_1_207' title='bbox 230 4033 256 4084; x_wconf 92' lang='lat' dir='ltr'>in</span> <span class='ocrx_word' id='word_1_208' title='bbox 268 4032 386 4100; x_wconf 74' lang='lat' dir='ltr'>margine</span> <span class='ocrx_word' id='word_1_209' title='bbox 398 4027 502 4082; x_wconf 88' lang='lat' dir='ltr'>Codicis</span> <span class='ocrx_word' id='word_1_210' title='bbox 514 4025 589 4092; x_wconf 65' lang='lat' dir='ltr'>Regii</span> <span class='ocrx_word' id='word_1_211' title='bbox 603 4024 644 4089; x_wconf 77' lang='grc' dir='ltr'>Α,</span> 
     </span>
     <span class='ocr_line' id='line_1_39' title="bbox 141 4105 645 4174; baseline -0.018 -12"><span class='ocrx_word' id='word_1_212' title='bbox 141 4113 169 4162; x_wconf 91' lang='lat' dir='ltr'>in</span> <span class='ocrx_word' id='word_1_213' title='bbox 179 4108 276 4163; x_wconf 84' lang='lat' dir='ltr'>Codice</span> <span class='ocrx_word' id='word_1_214' title='bbox 285 4118 374 4162; x_wconf 90' lang='lat' dir='ltr'>autem</span> <span class='ocrx_word' id='word_1_215' title='bbox 383 4109 421 4173; x_wconf 88' lang='lat' dir='ltr'>B,</span> <span class='ocrx_word' id='word_1_216' title='bbox 432 4127 446 4161; x_wconf 90' lang='lat' dir='ltr'>a</span> <span class='ocrx_word' id='word_1_217' title='bbox 458 4105 539 4174; x_wconf 88' lang='lat' dir='ltr'>prima</span> <span class='ocrx_word' id='word_1_218' title='bbox 549 4121 645 4166; x_wconf 85' lang='lat' dir='ltr'>manu,</span> 
     </span>
     <span class='ocr_line' id='line_1_40' title="bbox 140 4188 385 4255; baseline -0.016 -15"><span class='ocrx_word' id='word_1_219' title='bbox 140 4188 250 4255; x_wconf 86' lang='lat' dir='ltr'>scriptus</span> <span class='ocrx_word' id='word_1_220' title='bbox 261 4188 317 4239; x_wconf 82' lang='lat' dir='ltr'>luit</span> <span class='ocrx_word' id='word_1_221' title='bbox 335 4189 385 4238; x_wconf 82' lang='lat' dir='ltr'>Ed.</span> 
     </span>
    </p>

    <p class='ocr_par' dir='ltr' id='par_1_8' title="bbox 142 4259 648 4408">
     <span class='ocr_line' id='line_1_41' title="bbox 177 4259 648 4336; baseline -0.011 -19"><span class='ocrx_word' id='word_1_222' title='bbox 177 4265 300 4336; x_wconf 66' lang='lat' dir='ltr'>apd-295.</span> <span class='ocrx_word' id='word_1_223' title='bbox 323 4266 466 4316; x_wconf 59' lang='grc' dir='ltr'>Μιναίαν</span> <span class='ocrx_word' id='word_1_224' title='bbox 474 4265 528 4315; x_wconf 82' lang='lat' dir='ltr'>alto</span> <span class='ocrx_word' id='word_1_225' title='bbox 541 4272 589 4314; x_wconf 77' lang='lat' dir='ltr'>etc</span> <span class='ocrx_word' id='word_1_226' title='bbox 602 4259 648 4312; x_wconf 92' lang='lat' dir='ltr'>Li-</span> 
     </span>
     <span class='ocr_line' id='line_1_42' title="bbox 142 4336 647 4408; baseline -0.018 -11"><span class='ocrx_word' id='word_1_227' title='bbox 142 4343 198 4397; x_wconf 88' lang='lat' dir='ltr'>beri</span> <span class='ocrx_word' id='word_1_228' title='bbox 220 4340 364 4394; x_wconf 74' lang='lat' dir='ltr'>nutricibus</span> <span class='ocrx_word' id='word_1_229' title='bbox 383 4341 504 4408; x_wconf 87' lang='lat' dir='ltr'>juventus</span> <span class='ocrx_word' id='word_1_230' title='bbox 521 4336 647 4392; x_wconf 76' lang='lat' dir='ltr'>redditur.</span> 
     </span>
    </p>
   </div>
   <div class='ocr_carea' id='block_1_7' title="bbox 144 4417 646 4570">
    <p class='ocr_par' dir='ltr' id='par_1_9' title="bbox 144 4417 646 4570">
     <span class='ocr_line' id='line_1_43' title="bbox 144 4417 646 4492; baseline -0.016 -15"><span class='ocrx_word' id='word_1_231' title='bbox 144 4422 276 4477; x_wconf 86' lang='lat' dir='ltr'>Tractavit</span> <span class='ocrx_word' id='word_1_232' title='bbox 284 4419 397 4474; x_wconf 78' lang='lat' dir='ltr'>fabulam</span> <span class='ocrx_word' id='word_1_233' title='bbox 410 4418 524 4492; x_wconf 80' lang='lat' dir='ltr'>AEsehyl.</span> <span class='ocrx_word' id='word_1_234' title='bbox 536 4418 562 4471; x_wconf 89' lang='lat' dir='ltr'>in</span> <span class='ocrx_word' id='word_1_235' title='bbox 574 4417 646 4471; x_wconf 89' lang='lat' dir='ltr'>Bac·</span> 
     </span>
     <span class='ocr_line' id='line_1_44' title="bbox 144 4499 645 4570; baseline -0.004 -16"><span class='ocrx_word' id='word_1_236' title='bbox 144 4503 186 4556; x_wconf 84' lang='lat' dir='ltr'>rbi</span> <span class='ocrx_word' id='word_1_237' title='bbox 198 4501 358 4555; x_wconf 79' lang='lat' dir='ltr'>nutricibus:</span> <span class='ocrx_word' id='word_1_238' title='bbox 372 4502 462 4557; x_wconf 82' lang='lat' dir='ltr'>confer</span> <span class='ocrx_word' id='word_1_239' title='bbox 482 4499 581 4570; x_wconf 77' lang='lat' dir='ltr'>Hygia.</span> <span class='ocrx_word' id='word_1_240' title='bbox 596 4499 645 4552; x_wconf 86' lang='lat' dir='ltr'>sab.</span> 
     </span>
    </p>
   </div>
   <div class='ocr_carea' id='block_1_8' title="bbox 684 1932 1200 4562">
    <p class='ocr_par' dir='ltr' id='par_1_10' title="bbox 684 1932 1197 2996">
     <span class='ocr_line' id='line_1_45' title="bbox 687 1932 1191 2002; baseline 0.008 -16"><span class='ocrx_word' id='word_1_241' title='bbox 687 1933 739 1986; x_wconf 76' lang='lat'>182.</span> <span class='ocrx_word' id='word_1_242' title='bbox 752 1932 798 1986; x_wconf 80' lang='lat' dir='ltr'>Eae</span> <span class='ocrx_word' id='word_1_243' title='bbox 809 1932 896 1986; x_wconf 82' lang='lat' dir='ltr'>relatae</span> <span class='ocrx_word' id='word_1_244' title='bbox 906 1933 1012 2002; x_wconf 88' lang='lat' dir='ltr'>posthac</span> <span class='ocrx_word' id='word_1_245' title='bbox 1024 1935 1094 1989; x_wconf 90' lang='lat' dir='ltr'>inter</span> <span class='ocrx_word' id='word_1_246' title='bbox 1105 1936 1191 1990; x_wconf 83' lang='lat' dir='ltr'>sidera</span> 
     </span>
     <span class='ocr_line' id='line_1_46' title="bbox 686 2012 1190 2083; baseline 0.004 -17"><span class='ocrx_word' id='word_1_247' title='bbox 686 2012 792 2083; x_wconf 83' lang='lat' dir='ltr'>Hyades</span> <span class='ocrx_word' id='word_1_248' title='bbox 810 2012 942 2080; x_wconf 67' lang='lat' dir='ltr'>appellata</span> <span class='ocrx_word' id='word_1_249' title='bbox 961 2023 1031 2066; x_wconf 90' lang='lat' dir='ltr'>sunt.</span> <span class='ocrx_word' id='word_1_250' title='bbox 1049 2041 1083 2054; x_wconf 90' lang='lat'><em>-</em></span> <span class='ocrx_word' id='word_1_251' title='bbox 1095 2018 1190 2068; x_wconf 78' lang='lat' dir='ltr'>Mons-</span> 
     </span>
     <span class='ocr_line' id='line_1_47' title="bbox 684 2089 1191 2160; baseline 0.004 -19"><span class='ocrx_word' id='word_1_252' title='bbox 684 2096 761 2149; x_wconf 79' lang='lat' dir='ltr'>trrmr,</span> <span class='ocrx_word' id='word_1_253' title='bbox 776 2089 985 2155; x_wconf 78' lang='lat' dir='ltr'>transformatio,</span> <span class='ocrx_word' id='word_1_254' title='bbox 999 2101 1027 2142; x_wconf 91' lang='lat' dir='ltr'>ut</span> <span class='ocrx_word' id='word_1_255' title='bbox 1037 2091 1063 2144; x_wconf 97' lang='grc' dir='ltr'>ΙΙ</span> <span class='ocrx_word' id='word_1_256' title='bbox 1075 2131 1082 2156; x_wconf 89' lang='grc'><strong>,</strong></span> <span class='ocrx_word' id='word_1_257' title='bbox 1095 2091 1191 2160; x_wconf 78' lang='lat'>367.-</span> 
     </span>
     <span class='ocr_line' id='line_1_48' title="bbox 687 2167 1192 2237; baseline 0.012 -19"><span class='ocrx_word' id='word_1_258' title='bbox 687 2167 851 2228; x_wconf 77' lang='lat' dir='ltr'>Mr&#39;rarslem,</span> <span class='ocrx_word' id='word_1_259' title='bbox 870 2169 955 2220; x_wconf 90' lang='lat' dir='ltr'>omnis</span> <span class='ocrx_word' id='word_1_260' title='bbox 968 2188 1009 2222; x_wconf 91' lang='lat' dir='ltr'>res</span> <span class='ocrx_word' id='word_1_261' title='bbox 1021 2169 1088 2221; x_wconf 89' lang='lat' dir='ltr'>mira</span> <span class='ocrx_word' id='word_1_262' title='bbox 1105 2189 1112 2222; x_wconf 84' lang='lat'>:</span> <span class='ocrx_word' id='word_1_263' title='bbox 1132 2169 1192 2237; x_wconf 91' lang='grc' dir='ltr'><strong>ΙΙΙ,</strong></span> 
     </span>
     <span class='ocr_line' id='line_1_49' title="bbox 686 2242 1193 2310; baseline 0.012 -16"><span class='ocrx_word' id='word_1_264' title='bbox 686 2242 752 2310; x_wconf 76' lang='lat'>673,</span> <span class='ocrx_word' id='word_1_265' title='bbox 772 2247 798 2295; x_wconf 82' lang='lat' dir='ltr'>ris</span> <span class='ocrx_word' id='word_1_266' title='bbox 814 2263 866 2310; x_wconf 77' lang='lat' dir='ltr'>que</span> <span class='ocrx_word' id='word_1_267' title='bbox 882 2249 1003 2297; x_wconf 74' lang='lat' dir='ltr'>miracula</span> <span class='ocrx_word' id='word_1_268' title='bbox 1015 2246 1139 2297; x_wconf 67' lang='lat' dir='ltr'>meteres?</span> <span class='ocrx_word' id='word_1_269' title='bbox 1152 2245 1193 2300; x_wconf 81' lang='lat' dir='ltr'>De</span> 
     </span>
     <span class='ocr_line' id='line_1_50' title="bbox 686 2319 1194 2386; baseline 0.002 -13"><span class='ocrx_word' id='word_1_270' title='bbox 686 2323 823 2373; x_wconf 79' lang='lat' dir='ltr'>sstrs&#39;ce&#39;bus</span> <span class='ocrx_word' id='word_1_271' title='bbox 836 2319 929 2374; x_wconf 79' lang='lat' dir='ltr'>Barclsi</span> <span class='ocrx_word' id='word_1_272' title='bbox 941 2360 948 2385; x_wconf 91' lang='lat'>,</span> <span class='ocrx_word' id='word_1_273' title='bbox 962 2319 1012 2373; x_wconf 84' lang='lat' dir='ltr'>vid.</span> <span class='ocrx_word' id='word_1_274' title='bbox 1025 2320 1082 2386; x_wconf 91' lang='grc' dir='ltr'><strong>ΙΙΙ,</strong></span> <span class='ocrx_word' id='word_1_275' title='bbox 1096 2323 1152 2386; x_wconf 69' lang='lat'>314.</span> <span class='ocrx_word' id='word_1_276' title='bbox 1161 2350 1194 2362; x_wconf 86' lang='lat'>-</span> 
     </span>
     <span class='ocr_line' id='line_1_51' title="bbox 687 2397 1193 2465; baseline 0.008 -18"><span class='ocrx_word' id='word_1_277' title='bbox 687 2397 755 2449; x_wconf 73' lang='lat' dir='ltr'>Pam</span> <span class='ocrx_word' id='word_1_278' title='bbox 762 2398 810 2447; x_wconf 81' lang='lat' dir='ltr'>doc</span> <span class='ocrx_word' id='word_1_279' title='bbox 816 2399 933 2461; x_wconf 76' lang='lat' dir='ltr'>AEelr&#39;da,·</span> <span class='ocrx_word' id='word_1_280' title='bbox 942 2397 1019 2465; x_wconf 76' lang='lat' dir='ltr'>vulgo</span> <span class='ocrx_word' id='word_1_281' title='bbox 1026 2418 1044 2449; x_wconf 81' lang='lat' dir='ltr'>a</span> <span class='ocrx_word' id='word_1_282' title='bbox 1056 2399 1193 2462; x_wconf 78' lang='lat' dir='ltr'>Colchr‘de‚·</span> 
     </span>
     <span class='ocr_line' id='line_1_52' title="bbox 687 2472 1195 2531; baseline 0.004 -2"><span class='ocrx_word' id='word_1_283' title='bbox 687 2472 731 2529; x_wconf 77' lang='lat' dir='ltr'>sed</span> <span class='ocrx_word' id='word_1_284' title='bbox 751 2473 874 2527; x_wconf 85' lang='lat' dir='ltr'>Heinsius</span> <span class='ocrx_word' id='word_1_285' title='bbox 895 2473 968 2526; x_wconf 86' lang='lat' dir='ltr'>dedit</span> <span class='ocrx_word' id='word_1_286' title='bbox 987 2479 1090 2528; x_wconf 56' lang='lat' dir='ltr'>,meida</span> <span class='ocrx_word' id='word_1_287' title='bbox 1114 2476 1195 2531; x_wconf 88' lang='lat' dir='ltr'>ductu</span> 
     </span>
     <span class='ocr_line' id='line_1_53' title="bbox 688 2548 1197 2616; baseline 0.008 -13"><span class='ocrx_word' id='word_1_288' title='bbox 688 2548 769 2603; x_wconf 84' lang='lat' dir='ltr'>lllSS.</span> <span class='ocrx_word' id='word_1_289' title='bbox 782 2550 809 2601; x_wconf 91' lang='lat' dir='ltr'>in</span> <span class='ocrx_word' id='word_1_290' title='bbox 822 2550 914 2616; x_wconf 90' lang='lat' dir='ltr'>quibus</span> <span class='ocrx_word' id='word_1_291' title='bbox 926 2551 1028 2602; x_wconf 69' lang='lat' dir='ltr'>Martie</span> <span class='ocrx_word' id='word_1_292' title='bbox 1039 2563 1082 2605; x_wconf 89' lang='lat' dir='ltr'>aut</span> <span class='ocrx_word' id='word_1_293' title='bbox 1095 2573 1112 2605; x_wconf 83' lang='lat' dir='ltr'>a</span> <span class='ocrx_word' id='word_1_294' title='bbox 1129 2556 1197 2607; x_wconf 75' lang='lat' dir='ltr'>rte-</span> 
     </span>
     <span class='ocr_line' id='line_1_54' title="bbox 687 2625 1195 2697; baseline 0.01 -19"><span class='ocrx_word' id='word_1_295' title='bbox 687 2629 745 2678; x_wconf 81' lang='lat' dir='ltr'>lr&#39;de.</span> <span class='ocrx_word' id='word_1_296' title='bbox 755 2625 851 2678; x_wconf 88' lang='lat' dir='ltr'>Verbis</span> <span class='ocrx_word' id='word_1_297' title='bbox 857 2626 928 2679; x_wconf 88' lang='lat' dir='ltr'>enim</span> <span class='ocrx_word' id='word_1_298' title='bbox 938 2627 1047 2697; x_wconf 84' lang='lat' dir='ltr'>rogandi</span> <span class='ocrx_word' id='word_1_299' title='bbox 1058 2629 1195 2683; x_wconf 87' lang='lat' dir='ltr'>interdum</span> 
     </span>
     <span class='ocr_line' id='line_1_55' title="bbox 689 2704 1194 2774; baseline 0.01 -17"><span class='ocrx_word' id='word_1_300' title='bbox 689 2704 808 2774; x_wconf 73' lang='lat' dir='ltr'>geminus</span> <span class='ocrx_word' id='word_1_301' title='bbox 819 2705 976 2759; x_wconf 84' lang='lat' dir='ltr'>accusativus</span> <span class='ocrx_word' id='word_1_302' title='bbox 990 2705 1103 2760; x_wconf 89' lang='lat' dir='ltr'>additur.</span> <span class='ocrx_word' id='word_1_303' title='bbox 1116 2710 1194 2762; x_wconf 78' lang='lat' dir='ltr'>Prse-</span> 
     </span>
     <span class='ocr_line' id='line_1_56' title="bbox 689 2781 1196 2849; baseline 0.006 -15"><span class='ocrx_word' id='word_1_304' title='bbox 689 2792 759 2834; x_wconf 90' lang='lat' dir='ltr'>terea</span> <span class='ocrx_word' id='word_1_305' title='bbox 769 2781 892 2834; x_wconf 83' lang='lat' dir='ltr'>Heinsius</span> <span class='ocrx_word' id='word_1_306' title='bbox 904 2782 1011 2849; x_wconf 81' lang='lat' dir='ltr'>conjicit</span> <span class='ocrx_word' id='word_1_307' title='bbox 1021 2786 1083 2843; x_wconf 82' lang='lat' dir='ltr'>tos.</span> <span class='ocrx_word' id='word_1_308' title='bbox 1100 2784 1196 2837; x_wconf 87' lang='lat' dir='ltr'>scilicet</span> 
     </span>
     <span class='ocr_line' id='line_1_57' title="bbox 690 2862 1195 2932; baseline 0.006 -19"><span class='ocrx_word' id='word_1_309' title='bbox 690 2879 779 2919; x_wconf 88' lang='lat' dir='ltr'>annos.</span> <span class='ocrx_word' id='word_1_310' title='bbox 790 2863 932 2916; x_wconf 87' lang='lat' dir='ltr'>-Nostris</span> <span class='ocrx_word' id='word_1_311' title='bbox 940 2882 1045 2932; x_wconf 89' lang='lat' dir='ltr'>quoque</span> <span class='ocrx_word' id='word_1_312' title='bbox 1058 2862 1162 2932; x_wconf 67' lang='lat' dir='ltr'>Regiis,</span> <span class='ocrx_word' id='word_1_313' title='bbox 1177 2884 1195 2916; x_wconf 79' lang='lat' dir='ltr'>a</span> 
     </span>
     <span class='ocr_line' id='line_1_58' title="bbox 693 2938 880 2996; baseline -0.037 0"><span class='ocrx_word' id='word_1_314' title='bbox 693 2941 816 2996; x_wconf 60' lang='lat' dir='ltr'>fflchede.</span> <span class='ocrx_word' id='word_1_315' title='bbox 831 2938 880 2994; x_wconf 87' lang='lat' dir='ltr'>Ed.</span> 
     </span>
    </p>

    <p class='ocr_par' dir='ltr' id='par_1_11' title="bbox 688 3017 1200 4562">
     <span class='ocr_line' id='line_1_59' title="bbox 722 3017 1192 3090; baseline 0.002 -19"><span class='ocrx_word' id='word_1_316' title='bbox 722 3017 847 3090; x_wconf 56' lang='lat' dir='ltr'>app-349</span> <span class='ocrx_word' id='word_1_317' title='bbox 866 3019 932 3073; x_wconf 77' lang='lat' dir='ltr'>Nm</span> <span class='ocrx_word' id='word_1_318' title='bbox 950 3022 1007 3073; x_wconf 85' lang='lat' dir='ltr'>dols&#39;</span> <span class='ocrx_word' id='word_1_319' title='bbox 1020 3029 1068 3072; x_wconf 83' lang='lat' dir='ltr'>etr.</span> <span class='ocrx_word' id='word_1_320' title='bbox 1087 3021 1192 3082; x_wconf 65' lang='lat' dir='ltr'>Pelates,</span> 
     </span>
     <span class='ocr_line' id='line_1_60' title="bbox 688 3095 1193 3164; baseline 0 -14"><span class='ocrx_word' id='word_1_321' title='bbox 688 3115 734 3150; x_wconf 84' lang='lat' dir='ltr'>rex</span> <span class='ocrx_word' id='word_1_322' title='bbox 753 3095 831 3161; x_wconf 87' lang='lat' dir='ltr'>Iolci,</span> <span class='ocrx_word' id='word_1_323' title='bbox 850 3095 954 3160; x_wconf 81' lang='lat' dir='ltr'>Jasonis</span> <span class='ocrx_word' id='word_1_324' title='bbox 974 3106 1100 3164; x_wconf 86' lang='lat' dir='ltr'>patruus,</span> <span class='ocrx_word' id='word_1_325' title='bbox 1118 3098 1193 3163; x_wconf 82' lang='lat' dir='ltr'>cujus</span> 
     </span>
     <span class='ocr_line' id='line_1_61' title="bbox 690 3172 1192 3243; baseline -0.002 -17"><span class='ocrx_word' id='word_1_326' title='bbox 690 3174 761 3241; x_wconf 84' lang='lat' dir='ltr'>jussu</span> <span class='ocrx_word' id='word_1_327' title='bbox 768 3173 849 3232; x_wconf 81' lang='lat' dir='ltr'>Jason</span> <span class='ocrx_word' id='word_1_328' title='bbox 858 3172 889 3226; x_wconf 88' lang='lat' dir='ltr'>ad</span> <span class='ocrx_word' id='word_1_329' title='bbox 896 3172 976 3227; x_wconf 84' lang='lat' dir='ltr'>sellus</span> <span class='ocrx_word' id='word_1_330' title='bbox 982 3187 1092 3231; x_wconf 66' lang='lat' dir='ltr'>amum</span> <span class='ocrx_word' id='word_1_331' title='bbox 1102 3193 1192 3243; x_wconf 84' lang='lat' dir='ltr'>appor-</span> 
     </span>
     <span class='ocr_line' id='line_1_62' title="bbox 691 3251 1196 3321; baseline -0.002 -16"><span class='ocrx_word' id='word_1_332' title='bbox 691 3251 801 3307; x_wconf 84' lang='lat' dir='ltr'>tandum</span> <span class='ocrx_word' id='word_1_333' title='bbox 820 3253 950 3321; x_wconf 77' lang='lat' dir='ltr'>protectus</span> <span class='ocrx_word' id='word_1_334' title='bbox 964 3263 1028 3305; x_wconf 84' lang='lat' dir='ltr'>erat.</span> <span class='ocrx_word' id='word_1_335' title='bbox 1047 3253 1124 3305; x_wconf 73' lang='lat' dir='ltr'>Filias</span> <span class='ocrx_word' id='word_1_336' title='bbox 1139 3253 1196 3319; x_wconf 83' lang='lat' dir='ltr'>ejus</span> 
     </span>
     <span class='ocr_line' id='line_1_63' title="bbox 691 3330 1196 3399; baseline -0.002 -15"><span class='ocrx_word' id='word_1_337' title='bbox 691 3330 789 3388; x_wconf 83' lang='lat' dir='ltr'>Medea</span> <span class='ocrx_word' id='word_1_338' title='bbox 808 3330 931 3399; x_wconf 85' lang='lat' dir='ltr'>impulit,</span> <span class='ocrx_word' id='word_1_339' title='bbox 955 3340 985 3381; x_wconf 89' lang='lat' dir='ltr'>ut</span> <span class='ocrx_word' id='word_1_340' title='bbox 999 3339 1099 3398; x_wconf 84' lang='lat' dir='ltr'>patrem</span> <span class='ocrx_word' id='word_1_341' title='bbox 1111 3349 1196 3383; x_wconf 77' lang='lat' dir='ltr'>neca-</span> 
     </span>
     <span class='ocr_line' id='line_1_64' title="bbox 690 3404 1195 3474; baseline -0.004 -16"><span class='ocrx_word' id='word_1_342' title='bbox 690 3415 768 3472; x_wconf 88' lang='lat' dir='ltr'>rent,</span> <span class='ocrx_word' id='word_1_343' title='bbox 788 3424 869 3474; x_wconf 87' lang='lat' dir='ltr'>quum</span> <span class='ocrx_word' id='word_1_344' title='bbox 881 3405 1055 3474; x_wconf 84' lang='lat' dir='ltr'>promisisset,</span> <span class='ocrx_word' id='word_1_345' title='bbox 1071 3423 1099 3456; x_wconf 85' lang='lat' dir='ltr'>se</span> <span class='ocrx_word' id='word_1_346' title='bbox 1111 3404 1135 3457; x_wconf 89' lang='lat' dir='ltr'>ei</span> <span class='ocrx_word' id='word_1_347' title='bbox 1147 3405 1195 3472; x_wconf 82' lang='lat' dir='ltr'>ju-</span> 
     </span>
     <span class='ocr_line' id='line_1_65' title="bbox 692 3484 1197 3551; baseline -0.002 -14"><span class='ocrx_word' id='word_1_348' title='bbox 692 3494 828 3538; x_wconf 81' lang='lat' dir='ltr'>ventutem</span> <span class='ocrx_word' id='word_1_349' title='bbox 842 3484 1018 3549; x_wconf 84' lang='lat' dir='ltr'>reddituram,</span> <span class='ocrx_word' id='word_1_350' title='bbox 1037 3487 1159 3551; x_wconf 66' lang='lat' dir='ltr'>arieteque</span> <span class='ocrx_word' id='word_1_351' title='bbox 1169 3489 1197 3536; x_wconf 75' lang='lat' dir='ltr'>in</span> 
     </span>
     <span class='ocr_line' id='line_1_66' title="bbox 690 3561 1196 3629; baseline 0 -17"><span class='ocrx_word' id='word_1_352' title='bbox 690 3581 782 3629; x_wconf 55' lang='lat' dir='ltr'>alnum</span> <span class='ocrx_word' id='word_1_353' title='bbox 796 3568 890 3614; x_wconf 80' lang='lat' dir='ltr'>mutato</span> <span class='ocrx_word' id='word_1_354' title='bbox 902 3561 983 3613; x_wconf 86' lang='lat' dir='ltr'>fidem</span> <span class='ocrx_word' id='word_1_355' title='bbox 1002 3561 1133 3629; x_wconf 87' lang='lat' dir='ltr'>promissis</span> <span class='ocrx_word' id='word_1_356' title='bbox 1151 3561 1196 3613; x_wconf 89' lang='lat' dir='ltr'>se-</span> 
     </span>
     <span class='ocr_line' id='line_1_67' title="bbox 693 3637 1198 3707; baseline -0.01 -13"><span class='ocrx_word' id='word_1_357' title='bbox 693 3641 775 3694; x_wconf 88' lang='lat' dir='ltr'>cisset.</span> <span class='ocrx_word' id='word_1_358' title='bbox 786 3637 857 3693; x_wconf 89' lang='lat' dir='ltr'>Cum</span> <span class='ocrx_word' id='word_1_359' title='bbox 870 3640 994 3691; x_wconf 84' lang='lat' dir='ltr'>varietate</span> <span class='ocrx_word' id='word_1_360' title='bbox 1007 3638 1092 3707; x_wconf 86' lang='lat' dir='ltr'>aliqua</span> <span class='ocrx_word' id='word_1_361' title='bbox 1104 3649 1131 3692; x_wconf 91' lang='lat' dir='ltr'>et</span> <span class='ocrx_word' id='word_1_362' title='bbox 1143 3637 1198 3690; x_wconf 79' lang='lat' dir='ltr'>brec</span> 
     </span>
     <span class='ocr_line' id='line_1_68' title="bbox 694 3715 1198 3771; baseline -0.008 0"><span class='ocrx_word' id='word_1_363' title='bbox 694 3717 787 3771; x_wconf 85' lang='lat' dir='ltr'>tradita</span> <span class='ocrx_word' id='word_1_364' title='bbox 805 3728 874 3770; x_wconf 78' lang='lat' dir='ltr'>sunt</span> <span class='ocrx_word' id='word_1_365' title='bbox 901 3715 973 3769; x_wconf 81' lang='lat' dir='ltr'>Alios</span> <span class='ocrx_word' id='word_1_366' title='bbox 990 3717 1063 3768; x_wconf 91' lang='lat' dir='ltr'>enirn</span> <span class='ocrx_word' id='word_1_367' title='bbox 1081 3726 1198 3769; x_wconf 86' lang='lat' dir='ltr'>auctores</span> 
     </span>
     <span class='ocr_line' id='line_1_69' title="bbox 693 3795 1199 3862; baseline -0.01 -10"><span class='ocrx_word' id='word_1_368' title='bbox 693 3797 827 3852; x_wconf 88' lang='lat' dir='ltr'>Diodorus</span> <span class='ocrx_word' id='word_1_369' title='bbox 844 3795 959 3862; x_wconf 83' lang='lat' dir='ltr'>Siculus,</span> <span class='ocrx_word' id='word_1_370' title='bbox 980 3796 1036 3862; x_wconf 88' lang='lat' dir='ltr'>lv,</span> <span class='ocrx_word' id='word_1_371' title='bbox 1050 3799 1146 3859; x_wconf 56' lang='lat' dir='ltr'>sesa,</span> <span class='ocrx_word' id='word_1_372' title='bbox 1172 3804 1199 3847; x_wconf 89' lang='lat' dir='ltr'>et</span> 
     </span>
     <span class='ocr_line' id='line_1_70' title="bbox 695 3876 1196 3947; baseline -0.008 -17"><span class='ocrx_word' id='word_1_373' title='bbox 695 3877 792 3947; x_wconf 78' lang='lat' dir='ltr'>Hygia.</span> <span class='ocrx_word' id='word_1_374' title='bbox 802 3879 832 3942; x_wconf 71' lang='lat' dir='ltr'>ad</span> <span class='ocrx_word' id='word_1_375' title='bbox 842 3915 849 3942; x_wconf 90' lang='lat'>,</span> <span class='ocrx_word' id='word_1_376' title='bbox 858 3877 959 3945; x_wconf 88' lang='lat' dir='ltr'>sequuti</span> <span class='ocrx_word' id='word_1_377' title='bbox 971 3886 1045 3937; x_wconf 85' lang='lat' dir='ltr'>suot;</span> <span class='ocrx_word' id='word_1_378' title='bbox 1056 3876 1117 3928; x_wconf 87' lang='lat' dir='ltr'>alios</span> <span class='ocrx_word' id='word_1_379' title='bbox 1125 3876 1196 3929; x_wconf 87' lang='lat' dir='ltr'>Pau-</span> 
     </span>
     <span class='ocr_line' id='line_1_71' title="bbox 695 3951 1197 4020; baseline -0.006 -13"><span class='ocrx_word' id='word_1_380' title='bbox 695 3952 793 4017; x_wconf 84' lang='lat' dir='ltr'>sanias,</span> <span class='ocrx_word' id='word_1_381' title='bbox 813 3953 898 4017; x_wconf 89' lang='lat' dir='ltr'>Vlll,</span> <span class='ocrx_word' id='word_1_382' title='bbox 914 3974 958 4014; x_wconf 87' lang='lat' dir='ltr'>rr,</span> <span class='ocrx_word' id='word_1_383' title='bbox 972 3962 999 4006; x_wconf 89' lang='lat' dir='ltr'>et</span> <span class='ocrx_word' id='word_1_384' title='bbox 1010 3951 1197 4020; x_wconf 80' lang='lat' dir='ltr'>Apollodorus,</span> 
     </span>
     <span class='ocr_line' id='line_1_72' title="bbox 696 4028 1197 4099; baseline -0.01 -14"><span class='ocrx_word' id='word_1_385' title='bbox 696 4032 725 4096; x_wconf 92' lang='grc' dir='ltr'>Ι,</span> <span class='ocrx_word' id='word_1_386' title='bbox 743 4047 789 4095; x_wconf 83' lang='lat' dir='ltr'>rx,</span> <span class='ocrx_word' id='word_1_387' title='bbox 803 4051 832 4099; x_wconf 81' lang='lat'>²7</span> <span class='ocrx_word' id='word_1_388' title='bbox 845 4052 851 4092; x_wconf 87' lang='lat'>;</span> <span class='ocrx_word' id='word_1_389' title='bbox 865 4031 998 4083; x_wconf 80' lang='lat' dir='ltr'>exstabant</span> <span class='ocrx_word' id='word_1_390' title='bbox 1013 4029 1077 4082; x_wconf 80' lang='lat' dir='ltr'>olins</span> <span class='ocrx_word' id='word_1_391' title='bbox 1096 4039 1122 4081; x_wconf 91' lang='lat' dir='ltr'>et</span> <span class='ocrx_word' id='word_1_392' title='bbox 1136 4028 1197 4080; x_wconf 80' lang='lat' dir='ltr'>Eu-</span> 
     </span>
     <span class='ocr_line' id='line_1_73' title="bbox 694 4107 1198 4176; baseline -0.006 -16"><span class='ocrx_word' id='word_1_393' title='bbox 694 4107 784 4176; x_wconf 90' lang='lat' dir='ltr'>ripidis</span> <span class='ocrx_word' id='word_1_394' title='bbox 796 4107 920 4161; x_wconf 88' lang='lat' dir='ltr'>Peliades.</span> <span class='ocrx_word' id='word_1_395' title='bbox 928 4135 960 4146; x_wconf 93' lang='lat'>-</span> <span class='ocrx_word' id='word_1_396' title='bbox 969 4109 991 4160; x_wconf 81' lang='lat' dir='ltr'>E</span> <span class='ocrx_word' id='word_1_397' title='bbox 999 4108 1099 4160; x_wconf 77' lang='lat' dir='ltr'>caeteris</span> <span class='ocrx_word' id='word_1_398' title='bbox 1108 4116 1198 4159; x_wconf 89' lang='lat' dir='ltr'>aucto·</span> 
     </span>
     <span class='ocr_line' id='line_1_74' title="bbox 695 4184 1197 4254; baseline -0.01 -15"><span class='ocrx_word' id='word_1_399' title='bbox 695 4186 766 4239; x_wconf 88' lang='lat' dir='ltr'>ribus</span> <span class='ocrx_word' id='word_1_400' title='bbox 788 4195 913 4254; x_wconf 85' lang='lat' dir='ltr'>apparet,</span> <span class='ocrx_word' id='word_1_401' title='bbox 932 4185 1092 4239; x_wconf 80' lang='lat' dir='ltr'>simultatem</span> <span class='ocrx_word' id='word_1_402' title='bbox 1108 4184 1197 4238; x_wconf 84' lang='lat' dir='ltr'>inter-</span> 
     </span>
     <span class='ocr_line' id='line_1_75' title="bbox 696 4260 1197 4324; baseline -0.006 -9"><span class='ocrx_word' id='word_1_403' title='bbox 696 4264 796 4317; x_wconf 88' lang='lat' dir='ltr'>cessisse</span> <span class='ocrx_word' id='word_1_404' title='bbox 811 4263 902 4316; x_wconf 84' lang='lat' dir='ltr'>Jasoni</span> <span class='ocrx_word' id='word_1_405' title='bbox 919 4282 979 4320; x_wconf 87' lang='lat' dir='ltr'>cum</span> <span class='ocrx_word' id='word_1_406' title='bbox 997 4263 1082 4324; x_wconf 86' lang='lat' dir='ltr'>Pelia,</span> <span class='ocrx_word' id='word_1_407' title='bbox 1095 4260 1139 4314; x_wconf 85' lang='lat' dir='ltr'>sed</span> <span class='ocrx_word' id='word_1_408' title='bbox 1156 4279 1197 4312; x_wconf 91' lang='lat' dir='ltr'>res</span> 
     </span>
     <span class='ocr_line' id='line_1_76' title="bbox 696 4337 1198 4399; baseline -0.006 -7"><span class='ocrx_word' id='word_1_409' title='bbox 696 4342 765 4394; x_wconf 83' lang='lat' dir='ltr'>varie</span> <span class='ocrx_word' id='word_1_410' title='bbox 774 4341 890 4394; x_wconf 88' lang='lat' dir='ltr'>traditur.</span> <span class='ocrx_word' id='word_1_411' title='bbox 897 4367 930 4381; x_wconf 88' lang='lat'>-</span> <span class='ocrx_word' id='word_1_412' title='bbox 937 4344 1052 4399; x_wconf 80' lang='lat' dir='ltr'>Cessent,</span> <span class='ocrx_word' id='word_1_413' title='bbox 1067 4337 1157 4391; x_wconf 86' lang='lat' dir='ltr'>absint.</span> <span class='ocrx_word' id='word_1_414' title='bbox 1166 4364 1198 4375; x_wconf 92' lang='lat'>-</span> 
     </span>
     <span class='ocr_line' id='line_1_77' title="bbox 699 4414 1200 4485; baseline -0.01 -15"><span class='ocrx_word' id='word_1_415' title='bbox 699 4422 789 4472; x_wconf 74' lang='lat' dir='ltr'>odim</span> <span class='ocrx_word' id='word_1_416' title='bbox 805 4458 870 4472; x_wconf 91' lang='grc'><strong>.....</strong></span> <span class='ocrx_word' id='word_1_417' title='bbox 887 4417 1007 4485; x_wconf 71' lang='lat' dir='ltr'>confregit.</span> <span class='ocrx_word' id='word_1_418' title='bbox 1026 4414 1200 4485; x_wconf 80' lang='lat' dir='ltr'>Apollodorus</span> 
     </span>
     <span class='ocr_line' id='line_1_78' title="bbox 696 4495 1199 4562; baseline -0.018 -13"><span class='ocrx_word' id='word_1_419' title='bbox 696 4495 746 4550; x_wconf 84' lang='lat' dir='ltr'>boe</span> <span class='ocrx_word' id='word_1_420' title='bbox 757 4516 839 4550; x_wconf 85' lang='lat' dir='ltr'>unum</span> <span class='ocrx_word' id='word_1_421' title='bbox 851 4495 945 4562; x_wconf 79' lang='lat' dir='ltr'>babet,</span> <span class='ocrx_word' id='word_1_422' title='bbox 965 4501 997 4553; x_wconf 78' lang='lat' dir='ltr'>als</span> <span class='ocrx_word' id='word_1_423' title='bbox 1006 4497 1035 4548; x_wconf 70' lang='lat' dir='ltr'>esi</span> <span class='ocrx_word' id='word_1_424' title='bbox 1045 4500 1154 4562; x_wconf 55' lang='lat' dir='ltr'>fieretur</span> <span class='ocrx_word' id='word_1_425' title='bbox 1162 4500 1199 4542; x_wconf 68' lang='grc' dir='ltr'>τοῦ</span> 
     </span>
    </p>
   </div>
   <div class='ocr_carea' id='block_1_9' title="bbox 0 0 1353 5092">
    <p class='ocr_par' dir='ltr' id='par_1_12' title="bbox 0 0 1353 5092">
     <span class='ocr_line' id='line_1_79' title="bbox 0 0 1353 5092; baseline 0 0"><span class='ocrx_word' id='word_1_426' title='bbox 0 0 1353 5092; x_wconf 95' lang='lat' dir='ltr'> </span> 
     </span>
    </p>
   </div>
  </div>
 </body>
</html>
